2466 3832
540 183 582 192 -
630 147 693 212 126
740 183 782 193 -
1042 126 1172 218 miserus

150 309 271 371 Studien
296 327 333 371 ro
355 312 383 371 d.
403 328 448 385 pr.
471 310 579 371 Floril.
602 330 632 388 p.
656 313 720 372 140
744 316 775 372 et
797 312 1001 389 Heidelbcrpor
1024 315 1171 379 Festscbr.

149 425 203 468 σοι
229 407 412 468 Karterabcr
434 407 702 482 Pacuuiae-Vere.
729 429 758 485 p,
783 412 819 487 63
850 409 961 470 Kaibel
993 413 1087 490 epigr.
1118 413 1168 474 Gr.

149 525 178 582 p.
196 496 311 585 1112);
335 504 476 565 similiter
495 504 637 565 Graeculi
660 507 713 584 qui
735 527 816 568 nunc
840 513 912 569 sunt
934 509 1082 571 adhibent
1099 532 1170 572 ιιοο-

150 597 251 664 κούισι
283 595 334 686 (cf.
365 603 517 663 Scarlatos
545 602 601 675 λεξ.
627 604 680 680 τῆς
701 597 818 684 Ἕλλην.
847 607 922 669 decl.
947 626 970 668 s.
992 601 1046 691 u).
1071 642 1114 651 -
1138 611 1170 668 in

149 722 177 762 v.
193 703 214 760 4
234 720 418 780 quamquam
436 700 559 762 videtur
576 717 664 776 posse
682 694 778 778 μάτην
791 696 955 779 φεύξεσθαι
971 705 1053 764 idem
1067 707 1169 767 valere

151 803 243 876 atque
267 799 362 876 ματᾶν
385 791 548 875 φεύξεσθαι
571 797 590 855 i.
610 815 634 856 e.
656 791 784 858 ‘frustra
807 801 929 860 studere
951 806 988 862 ut
1012 797 1168 882 effugiam'

151 887 236 976 (nam
254 888 376 974 φεύγειν
395 894 578 972 aliquotiens
597 894 750 972 significat
769 898 892 972 effupere
909 892 1047 981 ολιιάενε),
1065 904 1169 960 tamen

150 992 370 1052 sententiarum
401 1010 516 1051 conexu
547 992 645 1069 magis
677 995 906 1054 commendatur
938 996 1020 1072 quod
1053 998 1167 1074 scripsi.

150 1121 192 1132 —
212 1110 240 1149 v.
261 1091 279 1149 5
296 1091 327 1148 et
343 1091 361 1148 6
384 1089 541 1165 praedicat
558 1089 695 1149 misellus
715 1090 890 1151 adulescens
909 1092 1029 1171 divites,
1045 1093 1170 1153 minime

148 1204 311 1264 pauperes,
344 1204 413 1246 cum
444 1186 512 1263 ipsi·¹
530 1205 586 1264 per
615 1192 829 1263 paupertatem
855 1189 954 1266 perire
981 1188 1168 1250 destinatum

150 1285 191 1346 sit
210 1277 252 1366 (v.
269 1275 317 1366 8)3
341 1283 445 1362 itaque
469 1277 509 1362 μῆ
529 1286 599 1344 ante
623 1281 737 1362 ἔχοντες
758 1270 867 1362 nequit
885 1284 1006 1345 defendi
1024 1285 1168 1346 Meinekii

149 1380 400 1459 interpretatione
424 1381 478 1459 qui
500 1380 532 1441 in
554 1400 590 1441 co
609 1400 730 1459 quoque
754 1381 887 1459 fallitur,
911 1381 994 1459 quod
1017 1379 1062 1442 ἐνὶ
1080 1385 1168 1466 σχολῆ

148 1480 243 1540 vertit
266 1474 314 1540 ‘tn
331 1473 459 1539 Masse'.
495 1479 585 1539 mitto
614 1477 695 1556 quod
722 1475 769 1538 eal
798 1481 918 1558 σχολῆς,
947 1472 1020 1539 κατὰ
1049 1474 1167 1559 σχολὴν,

149 1570 219 1656 μετὰ
242 1578 361 1656 σχολῆς,
388 1569 449 1637 ὑπὸ
472 1577 591 1654 σχολῆς,
616 1578 705 1658 σχολῆ
732 1575 857 1654 dicitur,
887 1595 1039 1655 nusquam
1067 1578 1168 1656 quoad

150 1675 215 1734 eius
247 1673 339 1733 sciam
372 1669 417 1732 ἐνὶ
448 1674 551 1756 σχολῆ;
585 1673 637 1733 sed
669 1672 708 1731 ab
739 1672 796 1732 hoc
824 1675 891 1735 loco
918 1676 989 1735 talis
1017 1675 1169 1735 sententia

150 1771 270 1830 omnino
289 1768 440 1828 abhorret.
478 1768 560 1846 quod
578 1770 605 1828 si
624 1787 674 1829 eos
692 1769 867 1847 praedicare
885 1772 986 1833 voluit
1002 1772 1167 1833 stoicorum

149 1867 326 1943 discipulus,
346 1865 400 1943 qui
418 1865 507 1945 genio
527 1884 582 1925 suo
601 1866 794 1945 indulgentes
813 1887 878 1928 rem
896 1869 1079 1929 familiarem
1100 1887 1168 1930 con·

148 1965 299 2042 fecerrmt,
326 1968 406 2024 certe
429 1963 535 2024 debuit
557 1982 612 2040 pro
637 1964 692 2023 otii
714 1965 837 2025 notione
860 1967 1052 2043 voluptatem
1075 1968 1166 2046 signi·

148 2061 247 2122 ficare.
284 2061 376 2121 immo
399 2056 443 2120 ἐνὶ
467 2063 555 2142 σχολῆ
577 2060 660 2122 valet
679 2054 722 2119 ‘in
741 2056 868 2123 schola’:
891 2063 934 2122 ibi
953 2064 1098 2125 nimirum
1115 2065 1166 2125 ille

148 2160 324 2221 adulescens
343 2178 481 2220 nummos
500 2161 615 2220 frustra
634 2164 869 2236 consumpserat.
903 2180 982 2238 quae
1000 2180 1071 2221 cum
1086 2165 1166 2222 recte

148 2257 350 2318 intellexisset
382 2258 639 2317 Zirnmermannus
667 2259 687 2315 1,
711 2276 733 2318 s.
762 2257 951 2318 incredibilia
983 2258 1168 2337 excogitavit

95 2374 98 2378 “
149 2356 185 2414 de
217 2356 357 2432 κηφῆνας
388 2354 494 2431 verbo,
527 2373 587 2432 quo
619 2355 688 2414 vult
720 2354 869 2432 appellari
896 2373 947 2415 eos
976 2349 1042 2433 ‘qui
1069 2356 1166 2432 philo·

149 2450 272 2528 sophiae
301 2451 410 2511 studiis
434 2451 529 2512 dediti
552 2452 668 2511 nullam
690 2453 735 2510 rei
757 2452 898 2530 publicae
920 2455 1040 2529 partem
1063 2470 1166 2531 capes·

148 2543 237 2608 sant'.
278 2549 485 2625 reipublicae
508 2553 611 2608 tamen
633 2567 670 2607 ne
694 2548 803 2610 Timon
827 2548 949 2627 quidem
972 2568 1097 2627 operam
1115 2549 1165 2609 de·

148 2645 194 2704 dit
220 2645 266 2704 ita
293 2649 330 2705 ut
357 2645 463 2705 eodem
489 2646 555 2706 iure
584 2665 616 2705 se
643 2646 708 2723 ipse
735 2650 859 2726 κηφῆνα
885 2665 995 2707 vocare
1016 2648 1166 2724 potuerit!

147 2744 306 2818 praeterea
330 2742 518 2818 antiquiores
542 2743 630 2802 stoici
652 2760 846 2820 nequaquam
867 2746 1096 2820 praeceperunt,
1120 2761 1166 2802 sa-

146 2838 258 2916 pientis
292 2856 356 2898 esse
389 2857 420 2898 se
453 2858 472 2898 a
501 2840 631 2918 negotiis
659 2840 790 2917 publicis
817 2858 980 2900 removere.
1031 2838 1168 2899 acerbior

147 2935 251 3013 potins
279 2935 384 2996 subest
411 2936 567 2999 cavillatio
590 2956 659 2998 cum
682 2939 812 2997 afiorum
835 2936 1077 3016 dogmaticorum
1098 2939 1167 2996 tum

147 3034 312 3094 stoicorum
339 3052 415 3111 quos
439 3027 548 3096 ‘fucos'
577 3035 744 3113 appellavit
767 3034 875 3094 Timon
902 3037 1061 3112 tamquam
1088 3033 1166 3094 desi·

147 3129 247 3192 diosos
270 3148 394 3207 prorsus
418 3135 449 3192 et
471 3131 598 3210 ignavos
620 3132 770 3210 homines,
800 3132 855 3213 qui
877 3132 1024 3192 desudare
1047 3132 1081 3191 in
1102 3150 1166 3192 mo·

147 3229 232 3288 lestis
265 3229 396 3305 negotiis
426 3230 544 3290 nollent
570 3229 624 3290 sed
646 3230 736 3308 nugis
760 3229 823 3290 suis
846 3233 878 3290 et
900 3230 1011 3306 ineptis
1035 3229 1166 3307 argutiis

148 3325 312 3404 discipulos
340 3331 511 3406 captarent,
544 3347 675 3406 quorum
700 3327 788 3390 bonis
810 3330 1025 3406 paupertatem
1046 3329 1166 3388 susten·

147 3424 249 3484 tarent
267 3427 304 3484 ut
323 3424 386 3483 fu'ci
405 3417 557 3502 ἆλλύτριον
575 3419 706 3504 πύματον
725 3423 870 3507 σφετέρην
889 3423 919 3500 ἐς
932 3417 1047 3506 γαστέρ’
1068 3417 1166 3504 cipric-

146 3541 193 3580 ιοιι
218 3513 354 3601 (Hesiod
377 3522 480 3601 theog.
504 3515 592 3605 599).

550 3643 764 3654 ——-—-
