2466 3832
115 176 196 219 rav
518 190 560 199 —
607 153 650 217 99
697 189 739 198 -

119 316 196 377 cinio
226 320 291 376 tam
321 317 440 396 egregie
470 317 631 376 defunctus
660 319 718 393 est,
749 320 787 376 ut
814 317 852 376 ab
878 316 1046 380 Aristotele
1074 310 1136 400 (ap.

116 414 196 475 Sext.
211 414 298 491 Emp.
319 414 385 476 adv.
401 414 500 492 dogm.
515 415 532 474 I
548 418 580 491 73
599 414 700 474 Laeit.
714 413 791 472 VHI
806 417 861 491 573
879 416 923 475 IX
937 410 995 498 25)
1015 415 1137 477 audiret

114 504 245 590 ἀρχηγὸς
264 511 449 589 dialecticae,
473 511 555 588 apud
575 509 724 571 Galenum
742 512 812 571 hist.
831 512 905 589 phil.
922 515 940 573 3
961 505 1004 594 (p.
1021 517 1094 593 601,
1114 518 1133 574 8

114 602 224 692 Diels.)
247 606 398 688 ἐριστικῆς.
434 610 512 669 hanc
535 609 632 688 igitur
652 603 819 689 ἐλεγκτικὴν
837 606 888 670 κοιλ
907 603 945 668 δι’
967 604 1133 691 ἀντιλογίας

113 705 345 768 κατακλείουσαν
358 705 400 779 τίς
413 700 542 786 ἆτορίαν
556 702 617 779 ἕξιν
633 698 684 787 (ut
699 707 744 766 ait
757 706 942 766 Plutarchus
955 707 975 766 l.
988 725 1009 766 s.
1021 699 1059 788 s.)
1074 727 1135 784 qua

113 821 188 865 usus
216 802 334 865 solebat
361 805 449 882 quasi
475 805 508 864 in
535 807 840 882 utramquepartem
865 804 1022 883 disputare
1045 804 1135 865 deno·

113 901 194 963 tavit
227 902 334 961 Timon
366 902 458 963 verbo
490 906 602 965 novato
634 892 924 982 ἆμφοτερόγλοσσος.
970 902 1068 961 altera
1100 920 1135 961 ex

112 1003 200 1076 parte
232 1000 406 1061 testimonio
439 1000 615 1061 Aristotelis
649 1003 769 1061 constat
800 1000 832 1059 in
864 999 977 1077 scripto
1006 999 1134 1063 Zenonis

113 1099 258 1177 quodam,
287 1098 350 1160 sive
379 1118 476 1159 unum
504 1100 603 1160 solum
630 1098 752 1175 scripsit
779 1098 843 1159 sive
870 1097 930 1157 duo
958 1097 1008 1158 rel
1034 1098 1134 1176 plura,

114 1194 364 1272 disceptationem
381 1215 436 1273 per
454 1197 727 1275 interrogationum
745 1198 777 1256 et
789 1212 1004 1272 responsorum
1017 1193 1133 1256 vicissi-

112 1293 234 1353 tudines
256 1292 437 1370 productam
458 1312 535 1355 esse:
558 1295 639 1354 unde
657 1294 780 1355 videtur
797 1293 913 1352 factum
931 1309 995 1351 esse
1013 1295 1050 1350 ut
1067 1291 1133 1367 ipse

116 1390 257 1451 inventor
279 1391 395 1469 dialogi
418 1410 436 1450 a
459 1392 641 1468 quibusdam
664 1389 747 1467 apud
764 1389 920 1448 Laertium
938 1389 1046 1447 [1147
1066 1405 1133 1464 per·

111 1486 269 1546 biberetur
299 1479 351 1567 (cf.
372 1487 553 1547 Sintenisius
580 1487 619 1546 ad
640 1486 722 1545 Plut.
740 1484 847 1544 Pericl.
865 1504 894 1560 p.
916 1486 971 1562 743
998 1484 1133 1562 Rossius‚

112 1601 217 1642 comm.
229 1583 329 1642 Laert.
343 1604 372 1660 p.
389 1586 450 1644 192
467 1575 534 1664 sap).
566 1585 640 1642 utut
653 1585 708 1658 est,
723 1573 1001 1660 ιἰμφοτερόγλοσσος
1015 1583 1133 1658 spectat

111 1681 205 1740 etiam
230 1680 269 1739 ad
293 1681 484 1759 scriptorem,
504 1680 566 1758 *qui
589 1679 746 1739 ambarum
768 1695 966 1756 personarum
989 1696 1065 1756 quas
1087 1679 1131 1737 lo·

113 1781 240 1857 quantes
259 1778 335 1839 facit
353 1797 489 1840 sermone
507 1778 610 1855 utitur
625 1779 683 1858 rel,
701 1779 739 1837 ut
757 1796 826 1838 oum
840 1776 992 1854 Appuleio
1012 1777 1131 1855 apolog.

111 1878 131 1936 4
150 1897 178 1955 p.
201 1879 264 1956 7,8
284 1877 397 1956 Krueg.
421 1877 540 1956 loquar,
565 1876 618 1955 qui
642 1869 767 1951 ‘primas
790 1878 919 1937 ονκκλιιικ
936 1876 1130 1937 sabonariae

111 1976 237 2048 artificio
261 1965 435 2057 (ονοίλοκιικ
458 1974 508 2034 hic
531 1966 640 2057 addas)
664 1975 855 2048 ambifariam
877 1967 1027 2034 dasalait'.

176 2073 293 2133 Deinde
315 2066 438 2132 πάντων
461 2069 625 2151 ἕκιλήιιτωρ
649 2071 761 2131 dicitur
785 2072 878 2148 Zeno,
901 2089 971 2129 cum
993 2070 1026 2129 id
1049 2069 1131 2146 quod

108 2169 202 2246 vulgo
217 2187 319 2229 omnes
333 2169 598 2246 persuasissimum
611 2167 733 2246 habent,
749 2169 863 2227 multas
878 2184 943 2226 esse
956 2183 1004 2226 res
1019 2183 1130 2243 easque

109 2265 236 2342 moveri,
259 2266 401 2324 acerrime
425 2264 661 2343 impugnaverit.

176 2361 293 2421 Rursus
325 2356 399 2440 μέγα
429 2357 538 2432 σθένος
565 2353 622 2421 οὐκ
648 2353 825 2419 ιἰλατταδνόν
852 2377 913 2419 non
940 2359 1005 2420 sine
1032 2360 1131 2419 ironia

108 2461 292 2534 usmpatum
315 2461 370 2536 est,
395 2475 473 2535 quae
493 2458 542 2518 vel
561 2457 593 2515 in
614 2474 649 2517 eo
668 2456 745 2517 latet
764 2456 845 2535 quod
864 2457 946 2534 apud
963 2456 1130 2517 Homerum

113 2552 221 2627 σθένος
244 2548 300 2615 οὐκ
318 2547 363 2615 ἄλ.
401 2554 500 2615 solum
523 2554 560 2614 de
583 2553 751 2615 bestiarum
773 2585 816 2595 —
840 2572 984 2630 aprorum
1007 2558 1038 2615 et
1060 2558 1130 2614 tau-

111 2670 215 2712 rorum
238 2682 281 2693 -
305 2670 430 2730 corpore
458 2650 584 2714 robusto
612 2653 736 2731 dicitur;
765 2669 837 2712 nam
859 2655 980 2713 constat
1001 2652 1077 2712 mihi
1102 2653 1129 2714 Θ

109 2751 174 2810 465
201 2741 269 2830 (ubi
291 2751 371 2809 male
394 2767 474 2810 nunc
497 2746 606 2825 σθένος
629 2745 685 2813 οὖν
706 2743 881 2811 ιἰλατταδνόν
903 2751 942 2811 ad
959 2751 1063 2814 Iovem
1081 2769 1128 2811 re·

106 2848 207 2907 latum
229 2838 359 2928 legitur)
381 2848 497 2926 pariter
520 2867 555 2910 ac
576 2850 603 2911 Θ
623 2852 663 2910 32
684 2848 866 2927 scripturam
889 2852 940 2911 σθ.
964 2843 1029 2911 οὐκ
1052 2847 1127 2910 έιτι-

106 2938 226 3006 εικτόν
259 2949 290 3005 et
318 2944 490 3023 antiquitus
517 2945 664 3008 traditam
692 2950 723 3007 et
750 2963 853 3008 reram
876 2962 949 3005 esse.
994 2946 1127 3024 primum

105 3061 177 3105 vero
192 3035 306 3122 εὐμήκη
323 3042 472 3103 Zenonem
485 3043 579 3104 fuisse
592 3045 682 3106 Plato
696 3043 833 3104 Parmen.
843 3063 872 3119 p.
885 3037 969 3102 127Β
985 3046 1125 3104 testatam.

106 3140 175 3201 dein
198 3160 254 3219 per
271 3139 466 3201 memorabile
490 3144 536 3200 est
559 3142 641 3218 quod
662 3134 694 3202 τὸ
717 3142 769 3200 τοῦ
788 3138 999 3217 Χαλκηδονίον
1018 3135 1127 3211 σθένος

104 3237 194 3299 Plato
213 3239 321 3303 festive
340 3238 422 3298 inre
442 3237 597 3297 simillima
616 3235 756 3297 adhibuit
773 3236 900 3297 Phaedr.
919 3257 948 3313 p.
965 3227 1048 3296 267⁰
1065 3228 1127 3295 τῶν

104 3355 137 3415 γε
165 3330 226 3416 μὴν
248 3329 429 3416 οίκτρογόων
452 3331 500 3396 lai
522 3336 615 3415 γῆρας
637 3331 688 3395 καί
710 3333 815 3394 πενίαν
839 3330 1005 3411 ἑλκομένων
1027 3324 1126 3413 λόγων

104 3431 313 3514 ικκρατηκέναι
330 3431 416 3516 τέχνῃ
435 3455 485 3513 μοι
504 3424 690 3510 φαίνεταιτὸ
708 3433 761 3493 τοῦ
775 3428 987 3509 Χαλκηδονίον
1006 3424 1124 3506 σθένος,

106 3522 223 3610 ὀργίσαι
247 3553 278 3595 τι
300 3521 340 3594 αὖ
363 3524 491 3605 πολλοὺς
513 3526 575 3610 ἅμα
598 3521 696 3602 δεινὸς
718 3520 796 3611 drag
819 3525 941 3611 γέγονεν
962 3523 1013 3588 καί
1035 3521 1125 3586 πάλιν

877 3631 921 3683 '1¹5
