2466 3832
492 175 534 184 -
582 138 648 202 194
693 175 735 184 -
978 165 1129 227 ,οακνατα

105 296 159 383 (cf.
179 301 239 362 Cic.
259 303 296 361 de
317 304 382 363 fato
402 304 431 379 5,
453 294 508 384 10)
532 301 730 380 inprimisque
752 303 868 365 favisse
894 309 1060 369 meretrici
1081 309 1133 368 cui·

105 401 176 460 dam
207 400 257 459 eui
288 419 397 460 nomen
425 395 573 477 Νικαρέτη
601 401 667 460 eret
695 391 873 481 (eihaert.
893 403 994 484 Diog.
1014 407 1134 482 111143

106 496 217 557 Athen.
236 497 310 557 XIII
332 519 361 575 p.
381 491 490 578 596²);
514 517 574 574 quo
598 501 712 575 quanto
731 497 863 560 facetior
881 502 1046 565 reddatur
1062 505 1135 564 iocus

106 596 213 657 elucet.

506 699 718 706 „affl

495 844 526 903 Π
550 836 584 924 (6
609 837 733 926 Bergk.)

151 960 206 1027 καὶ
230 959 298 1046 μὴν
322 958 500 1027 Μικκύλον
522 963 668 1027 εἰσεῖδον
683 1009 946 1031 ............

150 1070 218 1133 τῶν
243 1068 343 1152 ἐρίων
367 1067 525 1146 ξαίνοντα
548 1065 691 1153 γυναῖκά
715 1091 749 1134 τε
773 1069 1061 1160 συγξαίνουσαν,

150 1169 211 1240 τὸν
235 1169 335 1259 λιμὸν
358 1175 545 1259 φεύγοντας
568 1175 604 1240 ἐν
628 1175 706 1261 αἰνῇ
730 1177 892 1260 δηιοτῆτι.

404 1359 524 1402 HOMRRI
546 1358 687 1400 DETOR'PI
711 1357 827 1402 vnsssvs

106 1450 137 1504 iu
155 1467 180 1504 v.
202 1455 230 1504 1:
248 1452 264 1502 l
283 1454 335 1504 593
354 1448 403 1504 nal
422 1447 477 1519 μὴν
493 1448 625 1518 Σίσυφον
645 1445 767 1503 εἰσεῖδον
785 1444 901 1518 κρατέρ’
923 1445 1016 1521 ἄλγε’
1040 1452 1134 1527 ἔχοντα

110 1542 139 1597 in
159 1560 185 1597 v.
205 1546 235 1596 3:
255 1561 274 1610 μ
292 1545 344 1595 267
364 1545 460 1608 χεῖρας
481 1532 545 1607 ἐμοὶ
563 1531 714 1606 ὀρέγοντας
733 1531 763 1591 ἐν
783 1535 849 1609 αἰνῇ
869 1539 1009 1610 δηιοτῆτι

173 1727 260 1768 nnsn.
283 1708 507 1768 Plutarchus
531 1704 567 1764 de
591 1705 644 1765 vit.
669 1722 738 1764 acre
762 1706 800 1764 al.
825 1698 889 1765 c7
913 1728 944 1784 p.
967 1704 1063 1772 380ο
1086 1705 1133 1791 οὐχ

105 1799 188 1888 ὁρᾷς,
212 1800 252 1877 ὡς
274 1799 368 1866 πολλὰ
392 1801 445 1882 μὲν
467 1807 506 1884 γῆ
528 1800 657 1882 παρέχει,
679 1796 773 1862 πολλὰ
794 1798 828 1862 δὲ
845 1796 983 1865 θάλαττα
1005 1801 1132 1891 (quibus

105 1905 186 1962 recte
210 1903 365 1980 usurpatis
389 1902 452 1961 sine
476 1920 544 1961 aere
568 1901 667 1961 alieno
690 1900 792 1962 vivere
814 1893 943 1983 possis);
973 1905 1055 1968 «ml
1077 1900 1132 1986 μὴν

109 2033 146 2042 -
173 1999 337 2076 εἰσεῖδον»,
361 1996 453 2078 φησὶν
476 1993 492 2060 ὁ
515 1993 649 2080 Κράτης,
674 2000 755 2059 «τῶν
781 2032 818 2040 -
845 1998 1014 2078 δηιοτῆτι».

178 2155 204 2191 v.
226 2141 240 2189 1
265 2130 414 2190 Μικκίλον
442 2133 540 2205 scripsi
565 2133 628 2189 coll.
652 2132 768 2189 Moscho
793 2135 806 2188 Ι
831 2140 863 2189 13
888 2135 917 2189 et
939 2135 1034 2194 Inscr.
1057 2137 1132 2194 Gal

107 2229 283 2291 n.1706‚2=
310 2224 458 2278 Μίκκυλον
482 2223 613 2277 Duebner
641 2224 671 2276 et
698 2221 786 2277 codex
809 2221 953 2277 Parisinus
977 2228 1063 2296 apud
1081 2227 1131 2297 Xy·

107 2313 250 2380 landrum,
275 2315 405 2368 Μίκνίον
427 2313 528 2382 vulgc;
557 2315 703 2366 accentum
726 2310 830 2380 (quode
854 2311 888 2365 cf.
908 2312 998 2367 etiam
1019 2315 1133 2373 Ritschl

106 2402 213 2471 proleg.
234 2401 333 2457 Thom.
352 2418 426 2471 mag⁴
446 2419 473 2472 p.
493 2399 581 2455 CXIV
604 2402 634 2455 et
655 2399 769 2455 Lobeck
792 2400 862 2470 prol.
886 2401 995 2471 pathcl.
1018 2422 1050 2474 p.
1073 2407 1132 2475 122)

107 2490 229 2545 correxit
246 2490 317 2543 Baet
339 2491 421 2561 epist.
446 2488 506 2543 crit.
526 2507 553 2560 p.
573 2487 639 2542 24³²
658 2507 718 2558 sqq.
738 2488 783 2558 (cf.
802 2489 905 2543 Herod.
924 2487 938 2540 I
956 2507 984 2558 p.
1009 2499 1080 2562 163,
1102 2499 1133 2549 14

107 2581 137 2633 et
148 2585 207 2645 164,
217 2584 235 2632 4
245 2577 349 2646 Lentz.)
364 2578 494 2649 leupplet
512 2594 624 2634 versum
643 2594 677 2632 ex
690 2576 840 2632 Homerico
859 2579 989 2647 exemplo
1010 2579 1131 2654 κρατέρ’

108 2661 188 2734 ἄλγε’
210 2663 311 2733 ἔχοντα
329 2665 472 2736 Xylander
490 2666 540 2720 int.
560 2667 609 2720 lat.

107 2776 238 2783 -....---
244 2776 320 2782 -—-.

174 2849 270 2891 nonu.
307 2832 454 2909 Miccylus
482 2832 679 2909 philosophus
707 2834 844 2912 ignotus:
872 2834 996 2894 videtur
1024 2843 1133 2901 tamon

106 2950 167 2991 non
190 2929 288 2989 solum
312 2949 328 2989 e
347 2928 478 2989 Cratetis
501 2929 640 2990 sillcrum
663 2934 773 2991 natura
792 2932 953 2991 sedetiam
975 2951 991 2991 e
1010 2953 1134 2999 conexu

106 3028 325 3089 sententiarum
349 3029 402 3106 qui
421 3028 502 3106 apud
519 3027 718 3090 Plutarchum
738 3032 822 3089 extat
840 3028 1037 3092 efficiendum
1058 3055 1133 3116 esse,

106 3127 269 3205 Miecylum
295 3127 447 3188 hominem
473 3127 700 3205 philosophum,
727 3127 839 3187 litteris
868 3130 948 3186 certe
974 3129 1133 3211 insignem

105 3245 165 3286 uon
188 3227 287 3285 minus
310 3226 404 3286 fuisse
429 3228 520 3303 atque
540 3224 716 3286 Cleanthem
739 3245 829 3303 quem
852 3225 995 3285 similiter
1020 3248 1133 3307 operas

105 3322 276 3398 praebendo
295 3325 391 3386 vltam
408 3324 542 3384 tenuisse
560 3324 646 3383 addit
664 3324 769 3384 stetim
787 3323 980 3383 Plutarchus.
1020 3327 1132 3409 itaque

105 3420 157 3479 vix
181 3421 304 3482 videtur
325 3423 405 3482 idem
428 3421 522 3481 fuisse
546 3424 639 3499 atque
662 3440 775 3501 egenus
799 3425 830 3481 et
852 3422 996 3482 innocens
1021 3425 1132 3489 homo·

104 3535 215 3595 aymus
238 3519 324 3580 cuius
343 3518 533 3598 epitaphium
551 3520 729 3599 conscripsit
748 3518 952 3581 Callimachus
972 3522 1072 3603 epigr.
1090 3527 1132 3587 18
