2466 3832
57 135 311 177 na.xxm.xxnn
444 82 486 158 ἔ
535 113 597 177 127
644 150 687 160 -

509 311 628 371 XXIIII

102 431 153 507 τίς
176 424 208 493 o'
235 417 334 505 οὗτος
356 431 467 506 κτίλος
491 423 535 506 ῶς
559 429 769 494 ἐπιπωλεῖται
792 431 904 512 στίχοις
923 427 1073 518 ῶνιλρῶνς

106 534 260 620 μωλύτης
282 534 389 600 ἐπέων
412 537 509 612 λίθος
523 531 670 618 Ἄσσιος,
694 530 797 618 ὅλμος
819 528 968 618 ῶτολμος.

359 716 480 759 nonum
502 717 642 760 DETORTI
664 717 782 760 VERSVS

57 816 87 871 in
105 832 132 870 v.
153 821 181 869 1:
200 817 228 869 K
245 820 279 870 82
298 813 340 877 τίς
358 810 387 868 δ’
409 805 492 877 οὗτος
511 815 621 884 (eadem
640 831 735 869 versus
754 814 831 884 sede)

202 907 230 957 Γ
246 909 297 958 196
316 898 404 966 αὐτὸς
422 900 455 959 δὲ
474 903 566 966 κτίλος
586 896 624 966 ῶς
644 899 826 958 ἐπιπωλεῖται
844 904 939 971 στίχοις
954 897 1075 971 ἀνδρῶν.

124 1071 296 1132 Laertius
315 1070 416 1150 Diog.
435 1070 497 1129 VH
517 1073 580 1131 170
598 1059 638 1150 ἦν
657 1062 849 1153 (Cleanthes)
870 1062 993 1142 πονικὸς
1011 1064 1077 1146 μέν,

55 1160 160 1245 iperio
192 1161 250 1250 (sio
273 1168 406 1230 Oobetus
432 1187 488 1246 pro
514 1160 676 1249 ιἰφνσινιὸς)
707 1164 740 1228 δὲ
766 1165 816 1228 καλ
844 1161 959 1247 βραδὺς
986 1159 1076 1245 ὑπερ-

57 1258 237 1343 βαλλόντως·
262 1260 310 1328 διὸ
328 1262 378 1326 κοιλ
399 1265 499 1344 Τίμων
517 1262 583 1344 περὶ
606 1259 698 1327 αὐτοῦ
716 1282 811 1344 φησιν
832 1260 938 1337 οὕτως·
962 1262 1025 1336 «τίς
1044 1254 1072 1321 δ’
1195 1284 1198 1289 ’

57 1393 101 1404 -
113 1356 270 1440 ίίτολμος).
292 1363 521 1442 anthologia
534 1363 650 1423 Palat.
665 1363 708 1421 XI
724 1365 786 1423 296
808 1354 950 1444 (Planud.
964 1382 993 1438 p.
1011 1358 1073 1419 133

58 1451 120 1541 st.)
145 1458 292 1538 Τίμωνος·
316 1459 358 1532 εἰς
379 1454 554 1537 Κλεάνθην·
580 1459 643 1532 «τίς
667 1491 709 1501 --
733 1454 888 1537 ἄτολμος».

128 1610 154 1648 v.
177 1600 192 1647 1
212 1587 285 1648 οὕτω
304 1592 396 1649 Laeni.
414 1594 448 1662 fl
465 1587 496 1656 ὃς
514 1594 605 1649 Lauri.
626 1593 661 1647 H
663 1591 719 1663 PQ
732 1594 742 1662 ΙΙ
755 1611 781 1648 v.
800 1599 816 1648 2
836 1586 963 1662 μωλύτης
981 1590 1074 1646 Laeni.

56 1680 129 1736 ΗΡ8
141 1682 244 1737 Aniba
259 1677 385 1752 μωλντὴς
399 1682 492 1737 Laert.
506 1681 644 1752 BGP¹Q
660 1685 665 1750 Ι
682 1677 783 1749 ἐπέων,
802 1683 883 1744 λίθος
897 1680 1025 1737 Meinoka
1043 1676 1075 1734 in

57 1769 185 1826 Caesarie
200 1770 269 1826 dier.
284 1770 391 1839 antiqu.
400 1771 441 1825 III
454 1786 482 1839 p.
493 1775 558 1825 32οι
574 1765 667 1825 ἐπέων
682 1771 765 1839 φίλος
777 1768 845 1825 libri
860 1770 865 1841 1
881 1765 965 1840 ὅλμος
978 1770 1072 1825 Laert.

57 1856 184 1930 GHPQ

126 2035 221 2079 nonu.
253 2016 405 2077 Inurbane
438 2018 491 2077 sed
517 2037 578 2078 non
606 2018 670 2077 sine
697 2016 805 2078 acerbo
833 2017 970 2076 acumine
994 2033 1073 2077 oom-

55 2114 246 2192 parationem
254 2116 447 2176 Homericam
462 2134 497 2174 ex
510 2116 635 2175 illorum
650 2118 822 2193 temporum
839 2114 944 2175 nativa
958 2111 1073 2189 simpli·

56 2213 152 2273 citato
173 2212 296 2274 minime
313 2214 505 2273 inhonestam
524 2212 563 2273 ad
584 2231 654 2272 eum
671 2213 891 2289 philosophum,
904 2209 1073 2286 transtulit,

56 2308 111 2388 qui
125 2327 144 2370 a
158 2311 414 2370 commilitonibus
429 2311 492 2370 suis
506 2304 577 2382 ὄνος
590 2310 806 2387 appellabatur
819 2301 870 2390 (of.
881 2309 980 2368 Laert.
995 2308 1014 2366 l.
1025 2297 1072 2387 a).

123 2406 202 2467 Dein
215 2408 380 2468 fasciculus
395 2409 608 2486 ambiguarum
621 2408 796 2468 irrisionum
808 2407 888 2466 inest
901 2407 933 2464 in
942 2423 1033 2467 versu
1044 2406 1072 2464 2.

56 2498 193 2582 μωλύτης
220 2505 302 2583 quod
325 2506 451 2568 novavit
474 2506 582 2565 Timon
605 2506 762 2568 derivatur
784 2522 804 2563 a
826 2505 923 2582 μῶλος
945 2506 982 2562 ut
1004 2522 1072 2581 πρε-

55 2594 166 2680 σβύτης
193 2621 212 2660 a
234 2599 377 2682 πρίσβνςς
404 2622 503 2681 neque
531 2603 597 2664 sola
623 2603 747 2680 propria
776 2600 958 2680 significatio
981 2601 1073 2679 valet,

56 2716 119 2776 qua
140 2717 215 2760 usus
234 2703 280 2760 est
298 2701 451 2760 Nicander
470 2701 557 2761 Ther.
576 2722 603 2762 v.
624 2703 665 2762 32
688 2702 787 2779 μῶλος
805 2696 985 2778 ἐπιστείβων,
1009 2697 1028 2758 i.
1048 2716 1072 2757 e.

55 2795 222 2857 seeundum
257 2798 453 2859 scholiastam
484 2792 597 2878 βραδὺς
628 2795 679 2859 aul
710 2791 815 2876 νωθὴς
845 2789 865 2876 ἢ
899 2788 1022 2876 μογερὸς
1053 2786 1072 2872 ἢ

54 2886 186 2974 νωχελὴς
195 2940 204 2954 .
214 2941 220 2954 .
232 2943 238 2954 .
249 2893 299 2955 καὶ
313 2889 396 2974 μόλις
409 2895 534 2976 βαίνων,
549 2895 602 2955 sed
614 2898 713 2956 multo
727 2896 825 2975 magis
840 2896 933 2956 etiam
943 2892 1074 2971 quadrat

55 2991 138 3069 quod
156 2991 309 3070 Hesychia
331 2997 411 3054 teste
433 2996 532 3072 μῶλος
555 2996 602 3053 est
625 2986 791 3070 ὁίιμαθης,
814 2997 850 3053 ut
872 2985 994 3069 μῶλννν
1018 2992 1073 3050 Ze·

55 3088 174 3168 eynthfi
196 3090 338 3152 dixerunt
364 3084 415 3152 τὸν
440 3084 620 3151 ἀπαίδευτον
648 3094 679 3151 et
702 3082 840 3167 μωλορόν
862 3089 917 3149 alii
939 3078 1072 3165 νωθράν,

55 3176 197 3248 ‘bardus'
222 3188 319 3267 igitur
341 3189 391 3250 vel
415 3180 588 3265 ‘stupidus'
613 3187 701 3247 audit
723 3184 892 3247 Cleanthes.
934 3186 1009 3245 item
1033 3183 1073 3244 λί-

52 3289 112 3359 θος
136 3276 231 3367 (quae
250 3291 297 3347 est
313 3287 470 3365 praeclara
487 3283 632 3344 Meinakii
655 3275 841 3366 emendatio)
859 3287 988 3344 vocatur
1006 3281 1072 3360 qui·

52 3383 101 3445 vis
124 3384 253 3461 simplex
276 3387 307 3444 et
329 3384 420 3444 hebes
445 3375 496 3466 (ef.
519 3382 675 3459 Aristoph.
698 3382 779 3442 Nub.
805 3384 889 3442 1203
914 3385 945 3441 et
968 3381 1012 3440 ibi
1034 3378 1072 3438 ab

52 3478 274 3559 interpretibus
302 3485 445 3562 congesta
473 3472 625 3562 exempla)
650 3481 766 3558 pariter
788 3485 880 3560 atque
905 3473 1006 3555 ‘lapis'
1029 3479 1078 3534 le-
