<?xml version="1.0" encoding="UTF-8"?>
<!DOCTYPE html PUBLIC "-//W3C//DTD XHTML 1.0 Transitional//EN"
    "http://www.w3.org/TR/xhtml1/DTD/xhtml1-transitional.dtd">
<html xmlns="http://www.w3.org/1999/xhtml" xml:lang="en" lang="en">
 <head>
  <title>
</title>
<meta http-equiv="Content-Type" content="text/html;charset=utf-8" />
  <meta name='ocr-system' content='tesseract 3.04.00' />
  <meta name='ocr-capabilities' content='ocr_page ocr_carea ocr_par ocr_line ocrx_word'/>
</head>
<body>
  <div class='ocr_page' id='page_1' title='image "./sillographorvmg00timogoog_0203.png"; bbox 0 0 2466 3832; ppageno 0'>
   <div class='ocr_carea' id='block_1_1' title="bbox 492 107 1131 186">
    <p class='ocr_par' dir='ltr' id='par_1_1' title="bbox 492 107 1131 186">
     <span class='ocr_line' id='line_1_1' title="bbox 492 107 1131 186; baseline 0.014 -10"><span class='ocrx_word' id='word_1_1' title='bbox 492 148 534 158; x_wconf 82' lang='grc'>-</span> <span class='ocrx_word' id='word_1_2' title='bbox 583 113 645 178; x_wconf 87' lang='grc'>198</span> <span class='ocrx_word' id='word_1_3' title='bbox 692 148 734 157; x_wconf 96' lang='grc'>-</span> <span class='ocrx_word' id='word_1_4' title='bbox 981 107 1131 186; x_wconf 69' lang='lat' dir='ltr'>cunnum</span> 
     </span>
    </p>
   </div>
   <div class='ocr_carea' id='block_1_2' title="bbox 102 269 1214 3486">
    <p class='ocr_par' dir='ltr' id='par_1_2' title="bbox 104 269 1135 1136">
     <span class='ocr_line' id='line_1_2' title="bbox 105 269 1134 359; baseline 0.009 -23"><span class='ocrx_word' id='word_1_5' title='bbox 105 275 288 337; x_wconf 88' lang='lat' dir='ltr'>Ribbeckius</span> <span class='ocrx_word' id='word_1_6' title='bbox 305 275 336 333; x_wconf 90' lang='lat' dir='ltr'>in</span> <span class='ocrx_word' id='word_1_7' title='bbox 351 281 408 336; x_wconf 86' lang='lat' dir='ltr'>act.</span> <span class='ocrx_word' id='word_1_8' title='bbox 423 295 482 336; x_wconf 89' lang='lat' dir='ltr'>soc.</span> <span class='ocrx_word' id='word_1_9' title='bbox 497 276 578 354; x_wconf 87' lang='lat' dir='ltr'>Lips.</span> <span class='ocrx_word' id='word_1_10' title='bbox 593 278 652 338; x_wconf 82' lang='lat' dir='ltr'>vol.</span> <span class='ocrx_word' id='word_1_11' title='bbox 666 276 738 337; x_wconf 88' lang='lat' dir='ltr'>XXI</span> <span class='ocrx_word' id='word_1_12' title='bbox 753 269 934 359; x_wconf 82' lang='lat' dir='ltr'>(phil-hist.</span> <span class='ocrx_word' id='word_1_13' title='bbox 951 285 992 343; x_wconf 91' lang='lat' dir='ltr'>ol.</span> <span class='ocrx_word' id='word_1_14' title='bbox 1008 286 1071 346; x_wconf 80' lang='lat' dir='ltr'>vol&#39;.</span> <span class='ocrx_word' id='word_1_15' title='bbox 1083 281 1134 354; x_wconf 71' lang='lat' dir='ltr'>IX]</span> 
     </span>
     <span class='ocr_line' id='line_1_3' title="bbox 106 373 1134 463; baseline 0.012 -32"><span class='ocrx_word' id='word_1_16' title='bbox 106 396 135 452; x_wconf 91' lang='lat' dir='ltr'>p.</span> <span class='ocrx_word' id='word_1_17' title='bbox 159 376 197 432; x_wconf 89' lang='lat'>18</span> <span class='ocrx_word' id='word_1_18' title='bbox 223 391 280 451; x_wconf 85' lang='lat' dir='ltr'>sq.:</span> <span class='ocrx_word' id='word_1_19' title='bbox 304 373 443 434; x_wconf 89' lang='lat' dir='ltr'>omnibus</span> <span class='ocrx_word' id='word_1_20' title='bbox 466 393 529 434; x_wconf 83' lang='lat' dir='ltr'>una</span> <span class='ocrx_word' id='word_1_21' title='bbox 552 375 656 435; x_wconf 89' lang='lat' dir='ltr'>subest</span> <span class='ocrx_word' id='word_1_22' title='bbox 678 375 771 453; x_wconf 82' lang='lat' dir='ltr'>notio,</span> <span class='ocrx_word' id='word_1_23' title='bbox 796 395 878 453; x_wconf 81' lang='lat' dir='ltr'>quae</span> <span class='ocrx_word' id='word_1_24' title='bbox 902 381 1005 442; x_wconf 88' lang='lat' dir='ltr'>verbo</span> <span class='ocrx_word' id='word_1_25' title='bbox 1030 377 1134 463; x_wconf 71' lang='grc' dir='ltr'><strong><em>μάργος</em></strong></span> 
     </span>
     <span class='ocr_line' id='line_1_4' title="bbox 105 468 1134 558; baseline 0.006 -25"><span class='ocrx_word' id='word_1_26' title='bbox 105 477 245 535; x_wconf 82' lang='lat' dir='ltr'>accurate</span> <span class='ocrx_word' id='word_1_27' title='bbox 276 472 461 550; x_wconf 86' lang='lat' dir='ltr'>declaratur;</span> <span class='ocrx_word' id='word_1_28' title='bbox 494 468 583 550; x_wconf 78' lang='lat' dir='ltr'>quod&#39;</span> <span class='ocrx_word' id='word_1_29' title='bbox 602 492 657 533; x_wconf 94' lang='lat' dir='ltr'>nos</span> <span class='ocrx_word' id='word_1_30' title='bbox 685 474 888 550; x_wconf 83' lang='lat' dir='ltr'><strong>reposuimus.</strong></span> <span class='ocrx_word' id='word_1_31' title='bbox 922 509 965 519; x_wconf 89' lang='lat'><em>-</em></span> <span class='ocrx_word' id='word_1_32' title='bbox 999 480 1134 558; x_wconf 87' lang='lat' dir='ltr'>Denique</span> 
     </span>
     <span class='ocr_line' id='line_1_5' title="bbox 106 569 1133 657; baseline 0.005 -25"><span class='ocrx_word' id='word_1_33' title='bbox 106 573 234 632; x_wconf 88' lang='lat' dir='ltr'>ultimus</span> <span class='ocrx_word' id='word_1_34' title='bbox 253 590 359 632; x_wconf 88' lang='lat' dir='ltr'>versus</span> <span class='ocrx_word' id='word_1_35' title='bbox 377 569 511 630; x_wconf 90' lang='lat' dir='ltr'>nondum</span> <span class='ocrx_word' id='word_1_36' title='bbox 528 575 708 648; x_wconf 77' lang='lat' dir='ltr'>personatus</span> <span class='ocrx_word' id='word_1_37' title='bbox 722 571 856 632; x_wconf 81' lang='lat' dir='ltr'>videtur:</span> <span class='ocrx_word' id='word_1_38' title='bbox 877 594 929 634; x_wconf 91' lang='lat' dir='ltr'>me</span> <span class='ocrx_word' id='word_1_39' title='bbox 944 581 1036 637; x_wconf 81' lang='lat' dir='ltr'>certe</span> <span class='ocrx_word' id='word_1_40' title='bbox 1050 578 1133 657; x_wconf 72' lang='lat' dir='ltr'>fugit,</span> 
     </span>
     <span class='ocr_line' id='line_1_6' title="bbox 106 661 1135 750; baseline 0.001 -18"><span class='ocrx_word' id='word_1_41' title='bbox 106 671 256 750; x_wconf 90' lang='lat' dir='ltr'>quomodo</span> <span class='ocrx_word' id='word_1_42' title='bbox 280 669 376 747; x_wconf 78' lang='lat' dir='ltr'><strong>possit</strong></span> <span class='ocrx_word' id='word_1_43' title='bbox 400 661 476 728; x_wconf 80' lang='grc' dir='ltr'><strong><em>ὅπλα</em></strong></span> <span class='ocrx_word' id='word_1_44' title='bbox 501 665 653 746; x_wconf 75' lang='grc' dir='ltr'><strong><em>κέκτηνται</em></strong></span> <span class='ocrx_word' id='word_1_45' title='bbox 676 670 820 748; x_wconf 82' lang='lat' dir='ltr'>coniungi</span> <span class='ocrx_word' id='word_1_46' title='bbox 842 689 916 730; x_wconf 90' lang='lat' dir='ltr'>cum</span> <span class='ocrx_word' id='word_1_47' title='bbox 939 675 1051 736; x_wconf 86' lang='lat' dir='ltr'>verbis</span> <span class='ocrx_word' id='word_1_48' title='bbox 1074 674 1135 750; x_wconf 82' lang='grc' dir='ltr'><strong><em>περὶ</em></strong></span> 
     </span>
     <span class='ocr_line' id='line_1_7' title="bbox 105 760 1133 848; baseline 0.003 -19"><span class='ocrx_word' id='word_1_49' title='bbox 105 766 245 848; x_wconf 77' lang='grc' dir='ltr'><strong><em>κέρματος</em></strong></span> <span class='ocrx_word' id='word_1_50' title='bbox 268 772 299 827; x_wconf 93' lang='lat' dir='ltr'>et</span> <span class='ocrx_word' id='word_1_51' title='bbox 321 763 388 844; x_wconf 79' lang='grc' dir='ltr'><strong><em>περὶ</em></strong></span> <span class='ocrx_word' id='word_1_52' title='bbox 411 760 513 844; x_wconf 81' lang='grc' dir='ltr'><strong><em>δόξης;</em></strong></span> <span class='ocrx_word' id='word_1_53' title='bbox 538 766 689 826; x_wconf 84' lang='lat' dir='ltr'>sententia</span> <span class='ocrx_word' id='word_1_54' title='bbox 711 767 881 827; x_wconf 84' lang='lat' dir='ltr'>necessaria</span> <span class='ocrx_word' id='word_1_55' title='bbox 904 769 967 831; x_wconf 91' lang='lat' dir='ltr'>hoc</span> <span class='ocrx_word' id='word_1_56' title='bbox 988 774 1061 834; x_wconf 92' lang='lat' dir='ltr'>loco</span> <span class='ocrx_word' id='word_1_57' title='bbox 1080 779 1133 835; x_wconf 90' lang='lat' dir='ltr'>est:</span> 
     </span>
     <span class='ocr_line' id='line_1_8' title="bbox 104 862 1133 945; baseline 0.008 -18"><span class='ocrx_word' id='word_1_58' title='bbox 104 862 213 945; x_wconf 75' lang='lat' dir='ltr'>‘neque</span> <span class='ocrx_word' id='word_1_59' title='bbox 242 867 278 925; x_wconf 92' lang='lat' dir='ltr'>de</span> <span class='ocrx_word' id='word_1_60' title='bbox 306 864 433 942; x_wconf 86' lang='lat' dir='ltr'>pecunia</span> <span class='ocrx_word' id='word_1_61' title='bbox 461 884 558 941; x_wconf 88' lang='lat' dir='ltr'>neque</span> <span class='ocrx_word' id='word_1_62' title='bbox 586 865 622 923; x_wconf 90' lang='lat' dir='ltr'>de</span> <span class='ocrx_word' id='word_1_63' title='bbox 651 865 893 942; x_wconf 83' lang='lat' dir='ltr'>dogmaticorum</span> <span class='ocrx_word' id='word_1_64' title='bbox 923 869 1058 944; x_wconf 84' lang='lat' dir='ltr'>placitis</span> <span class='ocrx_word' id='word_1_65' title='bbox 1083 893 1133 934; x_wconf 89' lang='lat' dir='ltr'>un·</span> 
     </span>
     <span class='ocr_line' id='line_1_9' title="bbox 106 954 1133 1043; baseline 0.005 -21"><span class='ocrx_word' id='word_1_66' title='bbox 106 985 197 1043; x_wconf 83' lang='lat' dir='ltr'>quam</span> <span class='ocrx_word' id='word_1_67' title='bbox 230 963 312 1022; x_wconf 83' lang='lat' dir='ltr'>rixae</span> <span class='ocrx_word' id='word_1_68' title='bbox 345 956 504 1038; x_wconf 78' lang='lat' dir='ltr'>existunt’3</span> <span class='ocrx_word' id='word_1_69' title='bbox 540 962 645 1040; x_wconf 82' lang='lat' dir='ltr'>itaque</span> <span class='ocrx_word' id='word_1_70' title='bbox 677 954 753 1022; x_wconf 76' lang='grc' dir='ltr'><strong><em>ὅπλα</em></strong></span> <span class='ocrx_word' id='word_1_71' title='bbox 767 966 908 1037; x_wconf 50' lang='grc' dir='ltr'><strong><em>,κινεῖται</em></strong></span> <span class='ocrx_word' id='word_1_72' title='bbox 942 967 1057 1042; x_wconf 85' lang='lat' dir='ltr'>potius</span> <span class='ocrx_word' id='word_1_73' title='bbox 1089 971 1133 1032; x_wconf 78' lang='lat' dir='ltr'>vel</span> 
     </span>
     <span class='ocr_line' id='line_1_10' title="bbox 107 1060 435 1136; baseline -0.018 -14"><span class='ocrx_word' id='word_1_74' title='bbox 107 1064 169 1122; x_wconf 86' lang='lat' dir='ltr'>tale</span> <span class='ocrx_word' id='word_1_75' title='bbox 193 1060 267 1136; x_wconf 89' lang='lat' dir='ltr'>quid</span> <span class='ocrx_word' id='word_1_76' title='bbox 290 1062 435 1134; x_wconf 76' lang='lat' dir='ltr'>expectes.</span> 
     </span>
    </p>

    <p class='ocr_par' dir='ltr' id='par_1_3' title="bbox 102 1156 1214 3486">
     <span class='ocr_line' id='line_1_11' title="bbox 170 1156 1132 1237; baseline 0.006 -20"><span class='ocrx_word' id='word_1_77' title='bbox 170 1159 278 1217; x_wconf 86' lang='lat' dir='ltr'>Peram</span> <span class='ocrx_word' id='word_1_78' title='bbox 311 1175 379 1216; x_wconf 91' lang='lat' dir='ltr'>cum</span> <span class='ocrx_word' id='word_1_79' title='bbox 411 1156 529 1233; x_wconf 90' lang='lat' dir='ltr'>reliquo</span> <span class='ocrx_word' id='word_1_80' title='bbox 562 1156 768 1216; x_wconf 86' lang='lat' dir='ltr'>mendicorum</span> <span class='ocrx_word' id='word_1_81' title='bbox 799 1157 916 1217; x_wconf 84' lang='lat' dir='ltr'>vestitu</span> <span class='ocrx_word' id='word_1_82' title='bbox 949 1163 1077 1237; x_wconf 88' lang='lat' dir='ltr'>primus</span> <span class='ocrx_word' id='word_1_83' title='bbox 1105 1165 1132 1223; x_wconf 91' lang='lat' dir='ltr'>in</span> 
     </span>
     <span class='ocr_line' id='line_1_12' title="bbox 104 1255 1133 1340; baseline 0.005 -22"><span class='ocrx_word' id='word_1_84' title='bbox 104 1256 248 1335; x_wconf 77' lang='lat' dir='ltr'>Cynicam</span> <span class='ocrx_word' id='word_1_85' title='bbox 277 1259 391 1315; x_wconf 88' lang='lat' dir='ltr'>sectam</span> <span class='ocrx_word' id='word_1_86' title='bbox 415 1255 563 1316; x_wconf 84' lang='lat' dir='ltr'>invexisse</span> <span class='ocrx_word' id='word_1_87' title='bbox 586 1255 783 1315; x_wconf 73' lang='lat' dir='ltr'>Antisthenes</span> <span class='ocrx_word' id='word_1_88' title='bbox 809 1255 994 1334; x_wconf 88' lang='lat' dir='ltr'>perhibetur</span> <span class='ocrx_word' id='word_1_89' title='bbox 1020 1263 1062 1322; x_wconf 85' lang='lat' dir='ltr'>ab</span> <span class='ocrx_word' id='word_1_90' title='bbox 1085 1282 1133 1340; x_wconf 91' lang='lat' dir='ltr'>op·</span> 
     </span>
     <span class='ocr_line' id='line_1_13' title="bbox 103 1344 1131 1442; baseline 0.008 -28"><span class='ocrx_word' id='word_1_91' title='bbox 103 1355 186 1414; x_wconf 91' lang='lat' dir='ltr'>timis</span> <span class='ocrx_word' id='word_1_92' title='bbox 218 1355 349 1413; x_wconf 90' lang='lat' dir='ltr'>testibus</span> <span class='ocrx_word' id='word_1_93' title='bbox 376 1353 481 1412; x_wconf 90' lang='lat' dir='ltr'>Diocle</span> <span class='ocrx_word' id='word_1_94' title='bbox 509 1355 541 1412; x_wconf 91' lang='lat' dir='ltr'>et</span> <span class='ocrx_word' id='word_1_95' title='bbox 567 1353 706 1412; x_wconf 84' lang='lat' dir='ltr'>Neonthe</span> <span class='ocrx_word' id='word_1_96' title='bbox 734 1344 832 1434; x_wconf 89' lang='lat' dir='ltr'>(apud</span> <span class='ocrx_word' id='word_1_97' title='bbox 859 1354 962 1415; x_wconf 83' lang='lat' dir='ltr'>haert.</span> <span class='ocrx_word' id='word_1_98' title='bbox 987 1359 1039 1419; x_wconf 91' lang='lat' dir='ltr'>VI</span> <span class='ocrx_word' id='word_1_99' title='bbox 1067 1354 1131 1442; x_wconf 83' lang='lat'><strong>13);</strong></span> 
     </span>
     <span class='ocr_line' id='line_1_14' title="bbox 104 1450 1131 1535; baseline 0.009 -25"><span class='ocrx_word' id='word_1_100' title='bbox 104 1452 172 1512; x_wconf 87' lang='lat' dir='ltr'>inde</span> <span class='ocrx_word' id='word_1_101' title='bbox 206 1472 224 1510; x_wconf 90' lang='lat' dir='ltr'>a</span> <span class='ocrx_word' id='word_1_102' title='bbox 253 1452 389 1530; x_wconf 82' lang='lat' dir='ltr'>Diogene</span> <span class='ocrx_word' id='word_1_103' title='bbox 422 1455 501 1511; x_wconf 80' lang='lat' dir='ltr'>certe</span> <span class='ocrx_word' id='word_1_104' title='bbox 534 1451 631 1527; x_wconf 81' lang='lat' dir='ltr'>cynici</span> <span class='ocrx_word' id='word_1_105' title='bbox 664 1450 742 1528; x_wconf 87' lang='lat' dir='ltr'>stipe</span> <span class='ocrx_word' id='word_1_106' title='bbox 774 1452 902 1511; x_wconf 85' lang='lat' dir='ltr'>collecte</span> <span class='ocrx_word' id='word_1_107' title='bbox 934 1455 1131 1535; x_wconf 84' lang='lat' dir='ltr'>victitarunt,</span> 
     </span>
     <span class='ocr_line' id='line_1_15' title="bbox 104 1548 1130 1626; baseline 0.006 -16"><span class='ocrx_word' id='word_1_108' title='bbox 104 1549 239 1610; x_wconf 86' lang='lat' dir='ltr'>contenti</span> <span class='ocrx_word' id='word_1_109' title='bbox 267 1567 338 1608; x_wconf 84' lang='lat' dir='ltr'>sane</span> <span class='ocrx_word' id='word_1_110' title='bbox 365 1549 431 1610; x_wconf 90' lang='lat' dir='ltr'>cibo</span> <span class='ocrx_word' id='word_1_111' title='bbox 456 1548 690 1626; x_wconf 83' lang='lat' dir='ltr'>simplicissimo,</span> <span class='ocrx_word' id='word_1_112' title='bbox 719 1567 779 1626; x_wconf 88' lang='lat' dir='ltr'>quo</span> <span class='ocrx_word' id='word_1_113' title='bbox 803 1550 885 1610; x_wconf 81' lang='lat' dir='ltr'>vesci</span> <span class='ocrx_word' id='word_1_114' title='bbox 908 1551 1059 1616; x_wconf 85' lang='lat' dir='ltr'>solebant</span> <span class='ocrx_word' id='word_1_115' title='bbox 1081 1558 1130 1616; x_wconf 92' lang='lat' dir='ltr'>ho-</span> 
     </span>
     <span class='ocr_line' id='line_1_16' title="bbox 103 1646 1130 1732; baseline 0.009 -27"><span class='ocrx_word' id='word_1_116' title='bbox 103 1647 199 1705; x_wconf 89' lang='lat' dir='ltr'>mines</span> <span class='ocrx_word' id='word_1_117' title='bbox 232 1665 380 1723; x_wconf 85' lang='lat' dir='ltr'>pauperes</span> <span class='ocrx_word' id='word_1_118' title='bbox 413 1646 448 1705; x_wconf 92' lang='lat' dir='ltr'>de</span> <span class='ocrx_word' id='word_1_119' title='bbox 481 1646 584 1705; x_wconf 89' lang='lat' dir='ltr'>infima</span> <span class='ocrx_word' id='word_1_120' title='bbox 611 1647 699 1724; x_wconf 88' lang='lat' dir='ltr'>plebe</span> <span class='ocrx_word' id='word_1_121' title='bbox 726 1649 812 1707; x_wconf 84' lang='lat' dir='ltr'>velut</span> <span class='ocrx_word' id='word_1_122' title='bbox 841 1648 970 1727; x_wconf 84' lang='lat' dir='ltr'>milites,</span> <span class='ocrx_word' id='word_1_123' title='bbox 1005 1660 1130 1732; x_wconf 88' lang='lat' dir='ltr'>nautae,</span> 
     </span>
     <span class='ocr_line' id='line_1_17' title="bbox 105 1743 1129 1825; baseline 0.01 -22"><span class='ocrx_word' id='word_1_124' title='bbox 105 1745 172 1820; x_wconf 84' lang='lat' dir='ltr'>alii,</span> <span class='ocrx_word' id='word_1_125' title='bbox 205 1745 328 1820; x_wconf 87' lang='lat' dir='ltr'>qualem</span> <span class='ocrx_word' id='word_1_126' title='bbox 355 1743 473 1804; x_wconf 88' lang='lat' dir='ltr'>duobus</span> <span class='ocrx_word' id='word_1_127' title='bbox 501 1745 601 1804; x_wconf 77' lang='lat' dir='ltr'>verbis</span> <span class='ocrx_word' id='word_1_128' title='bbox 628 1748 748 1822; x_wconf 89' lang='lat' dir='ltr'>praeter</span> <span class='ocrx_word' id='word_1_129' title='bbox 776 1745 852 1805; x_wconf 91' lang='lat' dir='ltr'>alios</span> <span class='ocrx_word' id='word_1_130' title='bbox 879 1746 1048 1825; x_wconf 87' lang='lat' dir='ltr'>descripsit</span> <span class='ocrx_word' id='word_1_131' title='bbox 1072 1752 1129 1812; x_wconf 87' lang='lat' dir='ltr'>Lu·</span> 
     </span>
     <span class='ocr_line' id='line_1_18' title="bbox 104 1837 1129 1927; baseline 0.01 -28"><span class='ocrx_word' id='word_1_132' title='bbox 104 1841 209 1900; x_wconf 83' lang='lat' dir='ltr'>cianus</span> <span class='ocrx_word' id='word_1_133' title='bbox 228 1844 342 1899; x_wconf 82' lang='lat' dir='ltr'>satum.</span> <span class='ocrx_word' id='word_1_134' title='bbox 364 1842 450 1918; x_wconf 90' lang='lat' dir='ltr'>epist.</span> <span class='ocrx_word' id='word_1_135' title='bbox 468 1845 484 1900; x_wconf 92' lang='lat'>1</span> <span class='ocrx_word' id='word_1_136' title='bbox 503 1839 522 1916; x_wconf 66' lang='grc' dir='ltr'>ἓ</span> <span class='ocrx_word' id='word_1_137' title='bbox 539 1844 578 1900; x_wconf 81' lang='grc'>21</span> <span class='ocrx_word' id='word_1_138' title='bbox 600 1837 697 1921; x_wconf 70' lang='grc' dir='ltr'><strong><em>ἄρτων</em></strong></span> <span class='ocrx_word' id='word_1_139' title='bbox 715 1839 948 1920; x_wconf 73' lang='grc' dir='ltr'><strong><em>ἐμπεπλησμένοι</em></strong></span> <span class='ocrx_word' id='word_1_140' title='bbox 960 1892 966 1904; x_wconf 94' lang='grc'><em>.</em></span> <span class='ocrx_word' id='word_1_141' title='bbox 980 1890 987 1904; x_wconf 95' lang='grc'><strong>.</strong></span> <span class='ocrx_word' id='word_1_142' title='bbox 999 1893 1006 1906; x_wconf 88' lang='grc'><strong>.</strong></span> <span class='ocrx_word' id='word_1_143' title='bbox 1017 1843 1129 1927; x_wconf 75' lang='grc' dir='ltr'><em>κάρδα-</em></span> 
     </span>
     <span class='ocr_line' id='line_1_19' title="bbox 105 1929 1129 2019; baseline 0.008 -21"><span class='ocrx_word' id='word_1_144' title='bbox 105 1961 163 2018; x_wconf 89' lang='grc' dir='ltr'>μον</span> <span class='ocrx_word' id='word_1_145' title='bbox 184 1930 214 2019; x_wconf 78' lang='grc' dir='ltr'><em>ἢ</em></span> <span class='ocrx_word' id='word_1_146' title='bbox 227 1931 330 2015; x_wconf 72' lang='grc' dir='ltr'><strong><em>θύμον</em></strong></span> <span class='ocrx_word' id='word_1_147' title='bbox 352 1929 373 2014; x_wconf 78' lang='grc' dir='ltr'>ἢ</span> <span class='ocrx_word' id='word_1_148' title='bbox 396 1931 550 2015; x_wconf 82' lang='grc' dir='ltr'><strong><em>κρόμμυον</em></strong></span> <span class='ocrx_word' id='word_1_149' title='bbox 573 1933 786 2018; x_wconf 72' lang='grc' dir='ltr'><strong><em>ἐπιτροίμονιες.</em></strong></span> <span class='ocrx_word' id='word_1_150' title='bbox 825 1940 856 1998; x_wconf 89' lang='lat' dir='ltr'>in</span> <span class='ocrx_word' id='word_1_151' title='bbox 877 1939 997 2002; x_wconf 89' lang='lat' dir='ltr'>deliciis</span> <span class='ocrx_word' id='word_1_152' title='bbox 1019 1943 1129 2006; x_wconf 84' lang='lat' dir='ltr'>Graeci</span> 
     </span>
     <span class='ocr_line' id='line_1_20' title="bbox 103 2030 1130 2120; baseline 0.004 -23"><span class='ocrx_word' id='word_1_153' title='bbox 103 2037 297 2115; x_wconf 87' lang='lat' dir='ltr'>potissimum</span> <span class='ocrx_word' id='word_1_154' title='bbox 311 2030 438 2113; x_wconf 81' lang='grc' dir='ltr'><strong><em>σκόροδα</em></strong></span> <span class='ocrx_word' id='word_1_155' title='bbox 452 2033 502 2095; x_wconf 81' lang='grc' dir='ltr'>καὶ</span> <span class='ocrx_word' id='word_1_156' title='bbox 515 2030 652 2114; x_wconf 81' lang='grc' dir='ltr'><strong><em>κρόμμυα</em></strong></span> <span class='ocrx_word' id='word_1_157' title='bbox 665 2037 846 2115; x_wconf 85' lang='lat' dir='ltr'>habuerunt,</span> <span class='ocrx_word' id='word_1_158' title='bbox 863 2056 995 2115; x_wconf 86' lang='lat' dir='ltr'>quorum</span> <span class='ocrx_word' id='word_1_159' title='bbox 1011 2049 1130 2120; x_wconf 82' lang='lat' dir='ltr'>quanta</span> 
     </span>
     <span class='ocr_line' id='line_1_21' title="bbox 104 2134 1128 2214; baseline 0.006 -19"><span class='ocrx_word' id='word_1_160' title='bbox 104 2137 190 2213; x_wconf 84' lang='lat' dir='ltr'>copia</span> <span class='ocrx_word' id='word_1_161' title='bbox 218 2154 236 2194; x_wconf 87' lang='lat' dir='ltr'>a</span> <span class='ocrx_word' id='word_1_162' title='bbox 263 2134 470 2211; x_wconf 88' lang='lat' dir='ltr'>Xenophontis</span> <span class='ocrx_word' id='word_1_163' title='bbox 503 2135 652 2195; x_wconf 87' lang='lat' dir='ltr'>militibus</span> <span class='ocrx_word' id='word_1_164' title='bbox 684 2139 863 2213; x_wconf 83' lang='lat' dir='ltr'>consumpta</span> <span class='ocrx_word' id='word_1_165' title='bbox 895 2135 936 2194; x_wconf 87' lang='lat' dir='ltr'>sit</span> <span class='ocrx_word' id='word_1_166' title='bbox 966 2139 1038 2214; x_wconf 92' lang='lat' dir='ltr'>quis</span> <span class='ocrx_word' id='word_1_167' title='bbox 1067 2160 1128 2201; x_wconf 92' lang='lat' dir='ltr'>non</span> 
     </span>
     <span class='ocr_line' id='line_1_22' title="bbox 103 2224 1128 2315; baseline 0.008 -23"><span class='ocrx_word' id='word_1_168' title='bbox 103 2232 300 2293; x_wconf 80' lang='lat' dir='ltr'>mirabundus</span> <span class='ocrx_word' id='word_1_169' title='bbox 324 2233 355 2291; x_wconf 92' lang='lat' dir='ltr'>in</span> <span class='ocrx_word' id='word_1_170' title='bbox 378 2233 514 2291; x_wconf 82' lang='lat' dir='ltr'>Anabasi</span> <span class='ocrx_word' id='word_1_171' title='bbox 536 2230 632 2311; x_wconf 77' lang='lat' dir='ltr'>legit?</span> <span class='ocrx_word' id='word_1_172' title='bbox 677 2224 730 2314; x_wconf 84' lang='lat' dir='ltr'>(cf.</span> <span class='ocrx_word' id='word_1_173' title='bbox 753 2233 846 2293; x_wconf 88' lang='lat' dir='ltr'>etiam</span> <span class='ocrx_word' id='word_1_174' title='bbox 869 2251 946 2311; x_wconf 84' lang='lat' dir='ltr'>quae</span> <span class='ocrx_word' id='word_1_175' title='bbox 970 2240 1128 2315; x_wconf 80' lang='lat' dir='ltr'>congessit</span> 
     </span>
     <span class='ocr_line' id='line_1_23' title="bbox 103 2329 1127 2418; baseline 0.005 -28"><span class='ocrx_word' id='word_1_176' title='bbox 103 2333 285 2391; x_wconf 80' lang='lat' dir='ltr'>Blllmnerus</span> <span class='ocrx_word' id='word_1_177' title='bbox 309 2331 340 2390; x_wconf 90' lang='lat' dir='ltr'>in</span> <span class='ocrx_word' id='word_1_178' title='bbox 364 2330 529 2390; x_wconf 87' lang='lat' dir='ltr'>Hermanni</span> <span class='ocrx_word' id='word_1_179' title='bbox 553 2332 668 2409; x_wconf 83' lang='lat' dir='ltr'>antiqu.</span> <span class='ocrx_word' id='word_1_180' title='bbox 688 2330 738 2390; x_wconf 79' lang='lat' dir='ltr'>Gr.</span> <span class='ocrx_word' id='word_1_181' title='bbox 757 2331 867 2408; x_wconf 87' lang='lat' dir='ltr'>privat.</span> <span class='ocrx_word' id='word_1_182' title='bbox 886 2352 915 2408; x_wconf 94' lang='lat' dir='ltr'>p.</span> <span class='ocrx_word' id='word_1_183' title='bbox 931 2333 972 2391; x_wconf 80' lang='lat'>25</span> <span class='ocrx_word' id='word_1_184' title='bbox 993 2334 1064 2394; x_wconf 85' lang='lat' dir='ltr'>adn.</span> <span class='ocrx_word' id='word_1_185' title='bbox 1082 2329 1127 2418; x_wconf 81' lang='lat'>2.)</span> 
     </span>
     <span class='ocr_line' id='line_1_24' title="bbox 102 2420 1214 2515; baseline 0.004 -27"><span class='ocrx_word' id='word_1_186' title='bbox 102 2430 196 2489; x_wconf 84' lang='lat' dir='ltr'>etiam</span> <span class='ocrx_word' id='word_1_187' title='bbox 223 2430 297 2489; x_wconf 89' lang='lat' dir='ltr'>ficus</span> <span class='ocrx_word' id='word_1_188' title='bbox 320 2429 352 2487; x_wconf 89' lang='lat' dir='ltr'>in</span> <span class='ocrx_word' id='word_1_189' title='bbox 378 2428 504 2488; x_wconf 81' lang='lat' dir='ltr'>Graecia</span> <span class='ocrx_word' id='word_1_190' title='bbox 527 2429 691 2490; x_wconf 86' lang='lat' dir='ltr'>vilissimae</span> <span class='ocrx_word' id='word_1_191' title='bbox 716 2432 802 2489; x_wconf 89' lang='lat' dir='ltr'>erant</span> <span class='ocrx_word' id='word_1_192' title='bbox 825 2420 877 2510; x_wconf 87' lang='lat' dir='ltr'>(cf.</span> <span class='ocrx_word' id='word_1_193' title='bbox 897 2428 969 2487; x_wconf 90' lang='lat' dir='ltr'>ibid.</span> <span class='ocrx_word' id='word_1_194' title='bbox 988 2431 1058 2490; x_wconf 83' lang='lat' dir='ltr'>adn.</span> <span class='ocrx_word' id='word_1_195' title='bbox 1080 2426 1126 2515; x_wconf 81' lang='lat'>4).</span> <span class='ocrx_word' id='word_1_196' title='bbox 1212 2510 1214 2515; x_wconf 23' lang='grc' dir='ltr'>Ι</span> 
     </span>
     <span class='ocr_line' id='line_1_25' title="bbox 102 2527 1126 2605; baseline 0.004 -19"><span class='ocrx_word' id='word_1_197' title='bbox 102 2528 180 2586; x_wconf 85' lang='lat' dir='ltr'>talia</span> <span class='ocrx_word' id='word_1_198' title='bbox 207 2528 304 2605; x_wconf 82' lang='lat' dir='ltr'>igitur</span> <span class='ocrx_word' id='word_1_199' title='bbox 326 2545 443 2605; x_wconf 88' lang='lat' dir='ltr'>semper</span> <span class='ocrx_word' id='word_1_200' title='bbox 464 2546 538 2603; x_wconf 86' lang='lat' dir='ltr'>pera</span> <span class='ocrx_word' id='word_1_201' title='bbox 560 2527 676 2587; x_wconf 86' lang='lat' dir='ltr'>ferebat</span> <span class='ocrx_word' id='word_1_202' title='bbox 697 2545 795 2588; x_wconf 85' lang='lat' dir='ltr'>vacua</span> <span class='ocrx_word' id='word_1_203' title='bbox 818 2527 901 2586; x_wconf 90' lang='lat' dir='ltr'>omni</span> <span class='ocrx_word' id='word_1_204' title='bbox 922 2528 1005 2586; x_wconf 84' lang='lat' dir='ltr'>luxu.</span> <span class='ocrx_word' id='word_1_205' title='bbox 1054 2530 1126 2590; x_wconf 88' lang='lat' dir='ltr'>inde</span> 
     </span>
     <span class='ocr_line' id='line_1_26' title="bbox 102 2623 1126 2703; baseline 0.004 -19"><span class='ocrx_word' id='word_1_206' title='bbox 102 2623 225 2685; x_wconf 83' lang='lat' dir='ltr'>videtur</span> <span class='ocrx_word' id='word_1_207' title='bbox 251 2629 356 2683; x_wconf 85' lang='lat' dir='ltr'>exorta</span> <span class='ocrx_word' id='word_1_208' title='bbox 383 2626 488 2702; x_wconf 86' lang='lat' dir='ltr'>paullo</span> <span class='ocrx_word' id='word_1_209' title='bbox 517 2625 661 2684; x_wconf 77' lang='lat' dir='ltr'>audacior</span> <span class='ocrx_word' id='word_1_210' title='bbox 687 2625 802 2703; x_wconf 80' lang='lat' dir='ltr'>imago,</span> <span class='ocrx_word' id='word_1_211' title='bbox 832 2644 893 2702; x_wconf 88' lang='lat' dir='ltr'>qua</span> <span class='ocrx_word' id='word_1_212' title='bbox 917 2643 992 2684; x_wconf 88' lang='lat' dir='ltr'>usus</span> <span class='ocrx_word' id='word_1_213' title='bbox 1015 2624 1126 2688; x_wconf 76' lang='lat' dir='ltr'>Oratus</span> 
     </span>
     <span class='ocr_line' id='line_1_27' title="bbox 102 2719 1126 2799; baseline 0.004 -19"><span class='ocrx_word' id='word_1_214' title='bbox 102 2738 208 2798; x_wconf 81' lang='lat' dir='ltr'>peram</span> <span class='ocrx_word' id='word_1_215' title='bbox 239 2719 355 2779; x_wconf 89' lang='lat' dir='ltr'>adscita</span> <span class='ocrx_word' id='word_1_216' title='bbox 383 2721 543 2781; x_wconf 83' lang='lat' dir='ltr'>Homerica</span> <span class='ocrx_word' id='word_1_217' title='bbox 571 2720 677 2782; x_wconf 80' lang='lat' dir='ltr'>Cretae</span> <span class='ocrx_word' id='word_1_218' title='bbox 710 2721 911 2799; x_wconf 86' lang='lat' dir='ltr'>descriptione</span> <span class='ocrx_word' id='word_1_219' title='bbox 943 2740 1012 2781; x_wconf 86' lang='lat' dir='ltr'>cum</span> <span class='ocrx_word' id='word_1_220' title='bbox 1040 2727 1126 2784; x_wconf 83' lang='lat' dir='ltr'>terra</span> 
     </span>
     <span class='ocr_line' id='line_1_28' title="bbox 103 2816 1125 2897; baseline 0.002 -19"><span class='ocrx_word' id='word_1_221' title='bbox 103 2816 236 2897; x_wconf 84' lang='lat' dir='ltr'>quadam</span> <span class='ocrx_word' id='word_1_222' title='bbox 263 2820 464 2897; x_wconf 80' lang='lat' dir='ltr'>comparavit,</span> <span class='ocrx_word' id='word_1_223' title='bbox 493 2838 571 2897; x_wconf 84' lang='lat' dir='ltr'>quae</span> <span class='ocrx_word' id='word_1_224' title='bbox 594 2821 673 2879; x_wconf 84' lang='lat' dir='ltr'>iacet</span> <span class='ocrx_word' id='word_1_225' title='bbox 695 2820 727 2878; x_wconf 90' lang='lat' dir='ltr'>in</span> <span class='ocrx_word' id='word_1_226' title='bbox 749 2819 848 2879; x_wconf 89' lang='lat' dir='ltr'>medio</span> <span class='ocrx_word' id='word_1_227' title='bbox 871 2819 1125 2897; x_wconf 90' lang='lat' dir='ltr'>philosophorum</span> 
     </span>
     <span class='ocr_line' id='line_1_29' title="bbox 103 2914 1124 2995; baseline 0.004 -20"><span class='ocrx_word' id='word_1_228' title='bbox 103 2918 194 2977; x_wconf 83' lang='lat' dir='ltr'>fastu.</span> <span class='ocrx_word' id='word_1_229' title='bbox 240 2914 320 2975; x_wconf 87' lang='lat' dir='ltr'>huno</span> <span class='ocrx_word' id='word_1_230' title='bbox 347 2920 467 2978; x_wconf 82' lang='lat' dir='ltr'>servato</span> <span class='ocrx_word' id='word_1_231' title='bbox 490 2916 650 2976; x_wconf 83' lang='lat' dir='ltr'>Homerico</span> <span class='ocrx_word' id='word_1_232' title='bbox 679 2917 814 2995; x_wconf 88' lang='lat' dir='ltr'>epitheto</span> <span class='ocrx_word' id='word_1_233' title='bbox 838 2915 947 2978; x_wconf 75' lang='grc' dir='ltr'><strong><em>οἴνοπα</em></strong></span> <span class='ocrx_word' id='word_1_234' title='bbox 968 2922 1061 2978; x_wconf 83' lang='lat' dir='ltr'>vocat</span> <span class='ocrx_word' id='word_1_235' title='bbox 1083 2919 1124 2979; x_wconf 83' lang='lat' dir='ltr'>ad</span> 
     </span>
     <span class='ocr_line' id='line_1_30' title="bbox 104 3012 1123 3094; baseline 0.003 -20"><span class='ocrx_word' id='word_1_236' title='bbox 104 3012 332 3093; x_wconf 78' lang='lat' dir='ltr'>significandam</span> <span class='ocrx_word' id='word_1_237' title='bbox 364 3014 524 3093; x_wconf 81' lang='lat' dir='ltr'>cahginem</span> <span class='ocrx_word' id='word_1_238' title='bbox 556 3015 651 3075; x_wconf 88' lang='lat' dir='ltr'>menti</span> <span class='ocrx_word' id='word_1_239' title='bbox 683 3015 824 3075; x_wconf 84' lang='lat' dir='ltr'>obfusam</span> <span class='ocrx_word' id='word_1_240' title='bbox 855 3014 997 3075; x_wconf 89' lang='lat' dir='ltr'>similiter</span> <span class='ocrx_word' id='word_1_241' title='bbox 1028 3019 1123 3094; x_wconf 87' lang='lat' dir='ltr'>atque</span> 
     </span>
     <span class='ocr_line' id='line_1_31' title="bbox 104 3106 1122 3196; baseline 0.003 -25"><span class='ocrx_word' id='word_1_242' title='bbox 104 3113 212 3172; x_wconf 84' lang='lat' dir='ltr'>Timon</span> <span class='ocrx_word' id='word_1_243' title='bbox 235 3113 270 3171; x_wconf 85' lang='lat' dir='ltr'>fr.</span> <span class='ocrx_word' id='word_1_244' title='bbox 294 3112 355 3171; x_wconf 87' lang='lat' dir='ltr'>VII</span> <span class='ocrx_word' id='word_1_245' title='bbox 378 3133 405 3173; x_wconf 85' lang='lat' dir='ltr'>v.</span> <span class='ocrx_word' id='word_1_246' title='bbox 432 3116 449 3172; x_wconf 94' lang='lat'>1</span> <span class='ocrx_word' id='word_1_247' title='bbox 479 3114 583 3196; x_wconf 77' lang='grc' dir='ltr'><strong><em>σκιερῷ</em></strong></span> <span class='ocrx_word' id='word_1_248' title='bbox 608 3109 654 3173; x_wconf 73' lang='grc' dir='ltr'>ἐνὶ</span> <span class='ocrx_word' id='word_1_249' title='bbox 680 3106 767 3196; x_wconf 77' lang='grc' dir='ltr'><strong><em>τύφῳ</em></strong></span> <span class='ocrx_word' id='word_1_250' title='bbox 791 3112 920 3191; x_wconf 85' lang='lat' dir='ltr'>scripsit.</span> <span class='ocrx_word' id='word_1_251' title='bbox 966 3113 1027 3189; x_wconf 90' lang='lat' dir='ltr'>ipsi</span> <span class='ocrx_word' id='word_1_252' title='bbox 1049 3132 1122 3175; x_wconf 85' lang='lat' dir='ltr'>vero</span> 
     </span>
     <span class='ocr_line' id='line_1_32' title="bbox 104 3202 1123 3289; baseline 0.001 -20"><span class='ocrx_word' id='word_1_253' title='bbox 104 3211 202 3288; x_wconf 80' lang='lat' dir='ltr'>cynici</span> <span class='ocrx_word' id='word_1_254' title='bbox 228 3214 296 3270; x_wconf 89' lang='lat' dir='ltr'>tum</span> <span class='ocrx_word' id='word_1_255' title='bbox 325 3211 383 3270; x_wconf 89' lang='lat' dir='ltr'>soli</span> <span class='ocrx_word' id='word_1_256' title='bbox 409 3212 506 3287; x_wconf 82' lang='grc' dir='ltr'><strong><em>τῦφον</em></strong></span> <span class='ocrx_word' id='word_1_257' title='bbox 530 3210 608 3269; x_wconf 90' lang='lat' dir='ltr'>nihil</span> <span class='ocrx_word' id='word_1_258' title='bbox 630 3213 789 3288; x_wconf 80' lang='lat' dir='ltr'>curarunt,</span> <span class='ocrx_word' id='word_1_259' title='bbox 817 3210 909 3269; x_wconf 89' lang='lat' dir='ltr'>immo</span> <span class='ocrx_word' id='word_1_260' title='bbox 929 3202 1123 3289; x_wconf 77' lang='grc' dir='ltr'><strong><em>Ἀντισθένης</em></strong></span> 
     </span>
     <span class='ocr_line' id='line_1_33' title="bbox 103 3300 1120 3390; baseline 0.002 -24"><span class='ocrx_word' id='word_1_261' title='bbox 103 3303 159 3385; x_wconf 77' lang='grc' dir='ltr'>τὴν</span> <span class='ocrx_word' id='word_1_262' title='bbox 194 3300 325 3384; x_wconf 82' lang='grc' dir='ltr'><strong><em>ιἰτνφίοιν</em></strong></span> <span class='ocrx_word' id='word_1_263' title='bbox 357 3304 435 3380; x_wconf 80' lang='grc' dir='ltr'><strong><em>τέλος</em></strong></span> <span class='ocrx_word' id='word_1_264' title='bbox 467 3301 602 3385; x_wconf 72' lang='grc' dir='ltr'><strong><em>ἀπέφηνε</em></strong></span> <span class='ocrx_word' id='word_1_265' title='bbox 635 3300 742 3390; x_wconf 77' lang='lat' dir='ltr'>(Clam.</span> <span class='ocrx_word' id='word_1_266' title='bbox 770 3307 856 3368; x_wconf 81' lang='lat' dir='ltr'>Alex.</span> <span class='ocrx_word' id='word_1_267' title='bbox 887 3311 989 3368; x_wconf 78' lang='lat' dir='ltr'>strom</span> <span class='ocrx_word' id='word_1_268' title='bbox 1017 3306 1050 3366; x_wconf 93' lang='grc' dir='ltr'>Π</span> <span class='ocrx_word' id='word_1_269' title='bbox 1079 3311 1120 3368; x_wconf 81' lang='lat'>21</span> 
     </span>
     <span class='ocr_line' id='line_1_34' title="bbox 103 3398 568 3486; baseline 0.009 -25"><span class='ocrx_word' id='word_1_270' title='bbox 103 3424 132 3480; x_wconf 91' lang='lat' dir='ltr'>p.</span> <span class='ocrx_word' id='word_1_271' title='bbox 159 3403 230 3481; x_wconf 86' lang='lat'>190,</span> <span class='ocrx_word' id='word_1_272' title='bbox 255 3406 297 3464; x_wconf 89' lang='grc'>34</span> <span class='ocrx_word' id='word_1_273' title='bbox 321 3404 360 3482; x_wconf 59' lang='lat' dir='ltr'>S„</span> <span class='ocrx_word' id='word_1_274' title='bbox 382 3424 412 3480; x_wconf 89' lang='lat' dir='ltr'>p.</span> <span class='ocrx_word' id='word_1_275' title='bbox 432 3407 496 3465; x_wconf 85' lang='grc'>498</span> <span class='ocrx_word' id='word_1_276' title='bbox 519 3398 568 3486; x_wconf 90' lang='grc' dir='ltr'>Ρ.)</span> 
     </span>
    </p>
   </div>
   <div class='ocr_carea' id='block_1_3' title="bbox 504 3560 718 3570">
    <p class='ocr_par' dir='ltr' id='par_1_4' title="bbox 504 3560 718 3570">
     <span class='ocr_line' id='line_1_35' title="bbox 504 3560 718 3570; baseline -0.009 0"><span class='ocrx_word' id='word_1_277' title='bbox 504 3560 718 3570; x_wconf 45' lang='grc' dir='ltr'>-ῄ-ι</span> 
     </span>
    </p>
   </div>
   <div class='ocr_carea' id='block_1_4' title="bbox 0 0 1238 3832">
    <p class='ocr_par' dir='ltr' id='par_1_5' title="bbox 0 0 1238 3832">
     <span class='ocr_line' id='line_1_36' title="bbox 0 0 1238 3832; baseline 0 1"><span class='ocrx_word' id='word_1_278' title='bbox 0 0 1238 3832; x_wconf 95' lang='lat' dir='ltr'> </span> 
     </span>
    </p>
   </div>
  </div>
 </body>
</html>
