2466 3832
513 192 554 201 —
605 157 668 220 174
714 192 755 202 -
1017 178 1148 222 rurours

127 309 176 383 ἠδ’
193 313 279 380 Goth
300 313 326 375 a
339 308 366 366 τ’
382 312 530 367 Casaubon
547 315 551 379 Ι
567 309 702 381 Alexiroe
717 311 847 367 Meineke
861 309 960 380 philol.
973 310 1026 366 XV
1039 330 1068 382 p.
1080 317 1146 368 388:

128 400 256 470 αἰσχίνου
275 401 343 456 libri
361 401 455 470 (modo
472 399 600 470 αἰσχίνον
620 401 647 455 V
658 405 692 455 66
707 401 735 454 et
750 405 793 468 62,
812 399 939 471 αἰσγίνης
956 399 983 455 G
1002 403 1049 469 66)
1067 406 1072 471 Ι
1094 396 1146 456 οὖα

127 487 238 559 ἀπιθὴς
251 489 319 563 (ic)
337 490 448 559 Roeper
466 488 484 543 l.
501 507 535 543 a:
555 483 607 543 erin
627 484 738 558 ἀπιθὴς
755 489 783 543 Β
796 494 832 544 66
850 490 889 544 M
898 495 941 558 66,
962 484 1016 544 οὖα
1035 485 1147 559 dulim

127 579 156 633 B
174 585 222 647 62,
246 574 299 634 οὖα
318 572 443 647 ἀπειθὴς
461 576 589 648 FHPQ
608 583 642 632 66
661 579 691 632 61
709 583 757 645 62,
782 575 905 646 GMVf
918 583 966 646 62,
992 573 1046 632 osia
1065 573 1145 633 ἄπει-

126 667 280 736 6616666,
301 663 354 723 οὐκ
374 662 479 736 inibis
504 666 582 735 1766,
602 660 655 722 osia
675 661 835 736 ἐπιπευθὴς
853 668 881 722 Α
895 673 943 734 66,
962 663 1016 721 οὐκ
1036 665 1143 722 ἐπιπει-

126 753 184 826 θὴς
203 757 241 812 P*
260 762 293 812 66
318 759 401 825 (quae
425 771 511 826 supra
533 751 602 810 ἄπει
621 771 720 826 661661.
739 776 773 825 γρ
793 752 863 826 ἔπι),
888 755 1061 824 Stephanum
1091 751 1144 812 oris

129 841 267 914 εὐπειθὴς
291 846 368 901 6166
392 845 478 914 (quod
501 844 575 899 idem
599 845 670 901 coni.
691 845 723 900 G.
742 844 885 900 Hermann
909 844 940 899 in
963 845 1052 914 praei.
1077 845 1142 901 edit.

127 933 266 989 Huehner.
286 932 369 989 6611
385 951 412 1002 6.
427 932 518 1002 XIX);
537 928 590 987 oris
608 929 757 1002 6111166666
771 934 800 988 F.
816 932 928 988 Schoell
942 937 1028 990 611166
1043 934 1145 991 (16666-

127 1022 195 1078 boni
214 1019 377 1076 coniectura
394 1020 576 1090 6166616116.
592 1027 608 1076 3
627 1019 743 1091 γράψαα
762 1022 874 1091 scripsi:
893 1018 1007 1092 γράψας
1023 1023 1049 1078 G
1064 1028 1098 1079 66
1117 1025 1146 1079 61

127 1116 175 1176 62,
203 1108 496 1179 ABFHMPQVf
519 1115 566 1176 66,
595 1105 706 1179 γράψαι
732 1110 929 1181 BFHPQV
953 1116 1000 1178 623
1034 1110 1145 1183 γράψεν

127 1198 293 1268 scripseram
312 1197 342 1252 in
360 1198 508 1267 proecdosi

172 1430 176 1439 ,
194 1386 289 1428 coru.
313 1367 483 1427 Irridentur
497 1365 721 1426 Socraticorum
734 1366 850 1445 dialogi
869 1367 960 1426 exiles
980 1371 1143 1446 attenues,

127 1467 232 1542 quales
250 1467 376 1525 fuerunt
394 1464 603 1542 Xenophontei
621 1468 652 1524 et
670 1464 838 1525 Aeschinei.
874 1466 927 1525 sed
945 1465 1028 1543 quod
1046 1467 1140 1544 uulgo

126 1563 270 1623 scribitur
292 1555 355 1635 οἶος
378 1555 544 1639 ξεινοφόων
566 1554 612 1639 ἥτ’
639 1560 783 1639 Αἰσχίνου
809 1593 847 1604 -
873 1557 987 1642 γράψαι
1010 1584 1048 1623 ne
1072 1582 1141 1624 eon·

126 1662 204 1719 strui
228 1660 351 1736 quidam
373 1664 488 1736 potest,
512 1658 632 1719 etiamsi
655 1660 693 1719 ad
711 1658 855 1737 Αἰσχίνου
875 1663 1053 1739 supplemus
1072 1679 1142 1720 cum

126 1757 298 1816 Hermanno
321 1751 411 1836 λόγου
430 1751 506 1827 δυὰς
528 1749 548 1833 ἢ
571 1751 664 1835 τριάς,
687 1777 785 1835 neque
809 1759 922 1819 sufficit
944 1757 972 1830 ἴς
995 1759 1139 1818 adiecisse

126 1853 165 1911 ad
188 1851 345 1930 Accxtvoa
375 1871 446 1911 nam
468 1854 634 1929 Xenophon
662 1858 693 1914 et
715 1855 878 1915 Aeschines
906 1857 965 1932 ipsi
988 1876 1048 1917 non
1071 1874 1139 1934 pos-

126 1955 199 2010 sunt
216 1943 298 2029 λόγοι
320 1950 393 2028 dicu
417 1950 521 2027 itaque
544 1952 747 2011 necessarium
769 1954 831 2013 fuit
853 1955 977 2033 corrigi:
1001 1953 1085 2028 οἴους
1102 1987 1140 1996 -

125 2042 248 2128 γράψαν
263 2039 337 2129 (uisi
350 2068 405 2126 pro
420 2042 516 2128 λόγων
529 2049 625 2109 mavis
639 2043 737 2108 λάλων
751 2044 905 2133 scribere).
938 2051 1009 2111 inde
1021 2052 1141 2129 reliqua

125 2147 245 2207 facilius
269 2148 473 2224 expedientur.
512 2139 569 2207 οὐκ
589 2135 746 2225 consortie,
770 2149 964 2226 quodetiam
982 2147 1139 2209 Dindorfio

124 2245 243 2321 placuit
260 2246 291 2304 iu
305 2247 432 2322 praefat.
447 2245 518 2305 edit.
533 2245 585 2304 alt.
600 2245 735 2321 Xenoph.
751 2236 1140 2326 (Oxon.1855)p.xxll1,

124 2361 221 2420 neque
244 2343 392 2403 librorum
415 2343 597 2403 auctoritate
620 2342 848 2402 commendatur
870 2362 968 2421 neque
989 2344 1139 2420 1666666-

124 2443 234 2502 tentia:
266 2442 315 2501 illi
347 2441 426 2501 enim
454 2441 613 2501 convenire
639 2459 709 2500 cum
737 2462 764 2502 6.
793 2434 939 2519 intercessi
965 2442 1066 2502 risum
1094 2443 1141 2499 est

125 2541 207 2618 quod
230 2540 344 2616 legitur
362 2531 417 2599 οὐκ
435 2532 578 2617 εὐπειθής
596 2539 615 2596 1.
630 2557 655 2597 e.
676 2532 751 2615 ‘qui'
771 2530 849 2619 (6166
868 2531 985 2618 ‘quadi
1005 2533 1138 2615 ‘persua-

123 2637 193 2695 dere
217 2629 374 2714 nequeat’3
397 2635 453 2694 hoc
476 2636 577 2712 ipsum
598 2654 670 2696 vero
693 2635 821 2713 languet
844 2640 881 2697 ut
900 2636 982 2714 quod
999 2636 1138 2696 maxime.

124 2737 231 2792 auctor
258 2752 348 2809 quem
373 2732 514 2792 Laertius
542 2732 681 2809 sequitur
707 2734 784 2812 legit
809 2735 913 2810 potius
941 2727 996 2796 οὐκ
1024 2727 1139 2812 ἀπιθὴς

123 2835 155 2890 61
169 2829 297 2890 credidit
312 2824 383 2889 ‘non
398 2829 552 2889 difficilem
565 2826 724 2908 persuasu'
743 2831 802 2890 dici
816 2831 996 2892 Aeschinem
1012 2836 1136 2910 propter

86 2955 90 2964 ·
123 2929 275 2990 orationes
299 2927 475 2989 iudiciarias
497 2928 529 2987 in
552 2929 682 2988 aliorum
704 2947 795 2990 usum
817 2931 1011 3009 conscriptas.
1056 2935 1138 2990 recte

121 3031 228 3108 procul
255 3028 362 3106 dubi03
395 3033 496 3088 temen
524 3027 602 3087 16161
629 3027 721 3087 etiam
749 3029 846 3089 altera
873 3030 981 3090 irrisio.
1027 3029 1138 3106 pressit

122 3128 202 3188 enim
224 3132 290 3188 tam
312 3127 399 3187 auxie
421 3125 554 3205 vestigia
577 3125 709 3185 Socratis
731 3127 872 3207 magistri
895 3127 1074 3204 Aeschines,
1102 3130 1139 3185 ut

121 3228 181 3306 ipsi
199 3228 318 3288 Socrati
341 3227 478 3304 dialogos
501 3225 622 3283 furatus
646 3241 710 3282 esse
734 3224 944 3301 perhiberetur
966 3215 1018 3303 (cf.
1035 3223 1136 3282 Laert.

122 3326 336 3405 Diog.1160;
359 3324 484 3386 Aristid.
507 3343 549 3383 or.
568 3320 650 3380 XLV
673 3323 731 3383 661.
751 3322 783 3381 H
805 3343 833 3398 p.
854 3324 905 3399 20,
927 3324 966 3380 16
992 3324 1022 3380 61
1046 3323 1135 3398 21,1

122 3417 227 3504 labb).
278 3423 372 3482 nimie
400 3423 496 3500 igitur
524 3420 588 3479 eius
617 3419 815 3497 obsequentia
841 3437 901 3478 non
928 3418 1007 3478 male
1035 3417 1138 3477 verbis

124 3513 179 3579 οὐκ
198 3508 313 3598 ἀπαθὴς
332 3518 359 3592 ἴς
381 3518 528 3598 tangitur.

525 3655 738 3664 ———-——
