2466 3832
105 164 451 210 naxxxxv-xxxxvn
502 179 539 215 -,
590 143 651 208 161
703 181 740 190 -

107 303 212 387 μα’σας.
259 298 493 387 (Eustatbius
518 305 549 364 in
572 306 607 364 II.
632 302 674 380 [Ξ
694 299 769 387 320]
794 329 823 383 p.
848 311 925 387 989,
950 313 992 372 30
1016 312 1068 371 τοῦ
1092 309 1125 370 δὲ

108 398 173 466 κατ’
199 396 283 464 οἶνον
299 449 304 461 .
321 449 327 461 .
344 449 349 460 .
364 395 516 462 Διονύσον
540 397 696 479 μέμνηταί,
722 420 810 478 φασι,
832 403 882 463 καὶ
907 407 1006 484 Τίμων
1029 405 1062 468 ἐν
1083 404 1123 493 τῷ

107 495 228 583 «βαρὺν
255 532 292 541 -
318 491 521 581 intremere.)

182 671 207 708 v.
229 660 241 706 1
262 642 313 720 ἧκε
328 650 457 706 Meineke
476 649 575 720 philol.
590 647 641 703 XV
655 667 683 719 p.
698 655 763 705 333:
783 645 817 720 ἠὲ
836 651 901 705 libri
919 656 1032 721 praeter
1047 655 1122 725 O(et

109 738 251 810 Eustath.)
271 740 320 809 qui
338 757 406 804 om.;
429 730 480 808 ἦγε
504 736 734 807 Schweighduser
749 742 754 807 Ι
769 734 934 809 Ανκοόργον
949 739 1125 799 Valckenaer

108 830 147 885 ad
161 829 277 885 Theocr.
292 826 424 882 Adonim.
444 845 472 896 p.
488 831 540 880 340
555 842 595 893 sq.
610 827 620 895 l
634 844 659 880 v.
674 831 689 880 2
710 823 851 883 διωνύσου
867 827 900 882 0:
921 823 1125 886 ὃιονύσουΑΒ

110 920 140 974 et
157 917 296 986 unsara,
315 914 467 971 δισννύσον
487 914 572 968 PVL
588 918 592 982 Ι
609 909 814 986 ἄριθμοπώτας
831 917 867 986 Α,
887 913 1086 988 ἆριθμοπότας
1099 920 1127 974 Β

109 1009 139 1063 et
157 1005 296 1074 Eustath,
315 998 482 1076 ἄριθμόπας
502 1003 530 1056 Ρ
542 1004 551 1074 ΙΙ
569 1022 595 1060 v.
610 1009 625 1057 3
646 1000 715 1072 ρυτὰ
736 1023 905 1073 οριπτασκεν
923 1006 960 1076 Α,
979 1003 1050 1081 dard
1069 1004 1125 1079 ὀρί-

108 1112 233 1150 ατασκεν
246 1094 310 1149 BP
323 1097 328 1162 Ι
344 1088 501 1162 ἄρσσαίνας
519 1091 664 1146 Mainake:
679 1086 833 1160 ἄρυταίνας
847 1093 913 1149 Ath.
928 1115 955 1166 p.
971 1101 1022 1151 445
1038 1100 1125 1168 (quod

109 1182 222 1254 flagitat
240 1181 353 1237 Lobeclr
372 1180 481 1250 pathol.
500 1178 570 1249 prol.
590 1197 618 1248 p.
639 1182 709 1250 176),
729 1177 875 1251 decretvm
895 1184 958 1238 Alb.
979 1204 1006 1255 p.
1027 1193 1079 1242 424

176 1396 272 1438 couu.
308 1376 390 1436 Haec
417 1395 487 1434 cum
509 1375 541 1432 in
564 1373 695 1435 secundo
720 1377 857 1436 sillorum
876 1377 953 1437 libro
973 1381 1123 1458 legantur,

106 1475 148 1536 ad
177 1476 297 1535 nullum
324 1474 530 1551 antiquiorum
558 1473 806 1550 philosophorum
829 1475 942 1534 maiore
966 1495 1035 1535 cum
1057 1498 1125 1554 pro-

107 1572 271 1632 babilitate
299 1571 471 1631 refemntur
499 1589 590 1647 quam
614 1571 652 1659 ad
675 1570 872 1649 Heraclitum,
896 1591 986 1649 quem
1010 1576 1124 1652 optimo

107 1671 175 1730 iure
202 1669 305 1746 potuit
327 1669 526 1744 Xenophanes
555 1668 652 1726 dicere
676 1668 834 1746 flagellum
856 1669 1010 1749 Lycurgo,
1038 1673 1125 1732 cuius

107 1767 280 1847 βουσλῆγος
321 1766 503 1845 gravitatem
544 1766 703 1849 descripsit
736 1766 885 1828 Homerus
922 1771 947 1826 Z
981 1771 1042 1830 133
1072 1789 1124 1849 sq,

107 1865 208 1925 acrius
235 1864 378 1926 vibrasse.
428 1866 481 1923 ille
509 1865 589 1922 enim
616 1864 740 1923 summis
768 1869 799 1924 et
827 1866 1028 1927 acerbissimis
1056 1887 1123 1928 con·

105 1962 193 2025 viciis
217 1962 380 2041 castigavit
403 1967 434 2022 et
456 1961 651 2038 philosophos
671 1962 812 2039 quiante
832 1984 901 2024 eum
920 1965 1124 2026 inclaruerant

108 2064 139 2120 et
160 2065 267 2138 poetas
289 2052 512 2120 illustrissimos
536 2063 567 2118 et
590 2078 746 2120 commune
769 2063 892 2140 volgus:
918 2062 987 2122 vide
1010 2063 1045 2121 fr.
1073 2066 1121 2123 10.

110 2159 165 2234 17;
182 2161 252 2218 119.
270 2160 333 2218 120
353 2162 384 2218 et
401 2157 576 2218 testimonia
590 2175 683 2233 supra
697 2157 735 2217 ad
749 2158 785 2217 fr.
799 2159 947 2217 XXVIIII
961 2158 1122 2236 adscripta.

108 2257 241 2314 ceterum
264 2275 371 2316 moneo
394 2255 520 2315 tertium
542 2272 664 2315 versum
687 2254 779 2314 etiam
803 2255 841 2314 ad
858 2256 1034 2334 Lycurgum
1055 2276 1121 2334 per-

105 2350 215 2427 tinere,
244 2353 296 2430 qui
323 2356 466 2412 narratur
491 2354 601 2428 pocula
623 2357 799 2430 potatorum
823 2353 971 2412 effudisse.
1017 2355 1122 2430 itaque

105 2450 309 2509 necessarium
321 2470 382 2510 non
396 2450 517 2511 videtur
531 2453 567 2508 ut
581 2469 650 2509 cum
659 2451 808 2510 Meinekio
822 2453 841 2509 l.
853 2469 874 2509 s.
890 2454 1008 2510 statuas
1024 2451 1121 2528 philo·

105 2548 234 2622 sophum
258 2548 408 2624 quendam
430 2548 495 2624 peti
518 2548 571 2625 qui
591 2547 768 2607 ebrietatem
786 2548 1013 2635 vituperaverit,
1037 2548 1123 2608 velut

104 2644 323 2724 Pythagoram:
356 2646 534 2722 praesertim
562 2663 631 2704 cum
662 2665 748 2705 nemo
777 2665 882 2705 eorum
908 2649 973 2704 tam
1001 2650 1121 2706 strenue

105 2743 202 2818 egerit
224 2747 261 2802 nt
284 2742 440 2803 ebrietatis
464 2743 643 2802 severiorem
666 2762 735 2802 eum
754 2764 846 2821 qnam
863 2745 1038 2822 Lycurgum
1056 2745 1121 2805 vin·

106 2837 203 2898 dicem
221 2839 287 2898 iure
311 2840 429 2898 dixeris.
787 2848 791 2857 '

507 2975 721 2986 m

527 3175 698 3235 XXXXVII

147 3297 206 3359 καί
225 3314 292 3359 που
312 3288 536 3378 Ἀναξαγόρην
561 3290 640 3378 φάσ’
668 3297 805 3378 ἔμμεναι
828 3290 969 3379 ἄλκιμον
994 3290 1064 3381 ἥρω

149 3402 266 3484 Νοῦν,
290 3397 341 3465 ὅτι
365 3395 406 3485 δὴ
430 3395 511 3477 νόος
534 3395 636 3490 αὐτῷ,
662 3395 699 3478 ὃς
722 3400 875 3486 ἐξαπίνης
898 3401 1068 3487 ἐπεγείρας

145 3506 256 3574 ’πάντα
280 3506 540 3593 συνεσφήκωσεν
565 3502 651 3592 ὁμοῦ
674 3506 898 3593 τεταραγμένα
921 3516 1085 3595 προσθεν.

157 3620 265 3670 corpure,
279 3622 310 3663 11.
936 3618 977 3664 11
