<?xml version="1.0" encoding="UTF-8"?>
<!DOCTYPE html PUBLIC "-//W3C//DTD XHTML 1.0 Transitional//EN"
    "http://www.w3.org/TR/xhtml1/DTD/xhtml1-transitional.dtd">
<html xmlns="http://www.w3.org/1999/xhtml" xml:lang="en" lang="en">
 <head>
  <title>
</title>
<meta http-equiv="Content-Type" content="text/html;charset=utf-8" />
  <meta name='ocr-system' content='tesseract 3.04.00' />
  <meta name='ocr-capabilities' content='ocr_page ocr_carea ocr_par ocr_line ocrx_word'/>
</head>
<body>
  <div class='ocr_page' id='page_1' title='image "./sillographorvmg00timogoog_0149.png"; bbox 0 0 2466 3832; ppageno 0'>
   <div class='ocr_carea' id='block_1_1' title="bbox 552 124 1191 191">
    <p class='ocr_par' dir='ltr' id='par_1_1' title="bbox 552 124 1191 191">
     <span class='ocr_line' id='line_1_1' title="bbox 552 124 1191 191; baseline 0.005 -4"><span class='ocrx_word' id='word_1_1' title='bbox 552 160 594 169; x_wconf 82' lang='lat'><em>-</em></span> <span class='ocrx_word' id='word_1_2' title='bbox 642 124 707 188; x_wconf 91' lang='grc'><strong>144</strong></span> <span class='ocrx_word' id='word_1_3' title='bbox 752 160 793 168; x_wconf 93' lang='grc'>-</span> <span class='ocrx_word' id='word_1_4' title='bbox 1058 147 1191 191; x_wconf 77' lang='lat' dir='ltr'><strong>morus</strong></span> 
     </span>
    </p>
   </div>
   <div class='ocr_carea' id='block_1_2' title="bbox 169 287 1206 1343">
    <p class='ocr_par' dir='ltr' id='par_1_2' title="bbox 169 287 1206 1343">
     <span class='ocr_line' id='line_1_2' title="bbox 170 287 1190 365; baseline 0.001 -17"><span class='ocrx_word' id='word_1_5' title='bbox 170 291 403 365; x_wconf 63' lang='lat' dir='ltr'><strong>incompertum</strong></span> <span class='ocrx_word' id='word_1_6' title='bbox 426 287 628 365; x_wconf 82' lang='lat' dir='ltr'><strong>nequeenim</strong></span> <span class='ocrx_word' id='word_1_7' title='bbox 651 287 799 365; x_wconf 81' lang='lat' dir='ltr'><strong>generalis</strong></span> <span class='ocrx_word' id='word_1_8' title='bbox 819 287 968 364; x_wconf 80' lang='lat' dir='ltr'><strong>quaedam</strong></span> <span class='ocrx_word' id='word_1_9' title='bbox 987 287 1112 347; x_wconf 83' lang='lat' dir='ltr'><strong>devita</strong></span> <span class='ocrx_word' id='word_1_10' title='bbox 1135 289 1190 350; x_wconf 89' lang='lat' dir='ltr'><strong>hu·</strong></span> 
     </span>
     <span class='ocr_line' id='line_1_3' title="bbox 171 380 1191 463; baseline 0.001 -18"><span class='ocrx_word' id='word_1_11' title='bbox 171 405 261 445; x_wconf 90' lang='lat' dir='ltr'><strong>mana</strong></span> <span class='ocrx_word' id='word_1_12' title='bbox 279 387 307 445; x_wconf 88' lang='lat' dir='ltr'><strong>h.</strong></span> <span class='ocrx_word' id='word_1_13' title='bbox 323 387 342 445; x_wconf 91' lang='lat' dir='ltr'><strong>l.</strong></span> <span class='ocrx_word' id='word_1_14' title='bbox 358 387 511 463; x_wconf 84' lang='lat' dir='ltr'><strong>profertur</strong></span> <span class='ocrx_word' id='word_1_15' title='bbox 525 385 675 445; x_wconf 86' lang='lat' dir='ltr'><strong>sententia</strong></span> <span class='ocrx_word' id='word_1_16' title='bbox 691 404 727 444; x_wconf 84' lang='lat' dir='ltr'><strong>ex</strong></span> <span class='ocrx_word' id='word_1_17' title='bbox 742 405 802 463; x_wconf 91' lang='lat' dir='ltr'><strong>qna</strong></span> <span class='ocrx_word' id='word_1_18' title='bbox 815 384 959 444; x_wconf 83' lang='lat' dir='ltr'><strong>mortales</strong></span> <span class='ocrx_word' id='word_1_19' title='bbox 975 383 1122 445; x_wconf 85' lang='lat' dir='ltr'><strong>dicantur</strong></span> <span class='ocrx_word' id='word_1_20' title='bbox 1132 380 1191 446; x_wconf 71' lang='lat' dir='ltr'><strong>‘ein</strong></span> 
     </span>
     <span class='ocr_line' id='line_1_4' title="bbox 172 476 1189 564; baseline 0.001 -22"><span class='ocrx_word' id='word_1_21' title='bbox 172 483 335 544; x_wconf 75' lang='lat' dir='ltr'><strong>Gemtchtc</strong></span> <span class='ocrx_word' id='word_1_22' title='bbox 358 502 413 544; x_wconf 89' lang='lat' dir='ltr'><strong>aus</strong></span> <span class='ocrx_word' id='word_1_23' title='bbox 437 483 531 544; x_wconf 82' lang='lat' dir='ltr'><strong>Streit</strong></span> <span class='ocrx_word' id='word_1_24' title='bbox 554 483 617 542; x_wconf 92' lang='lat' dir='ltr'><strong>und</strong></span> <span class='ocrx_word' id='word_1_25' title='bbox 641 477 774 543; x_wconf 82' lang='lat' dir='ltr'><strong>Seufzer&#39;</strong></span> <span class='ocrx_word' id='word_1_26' title='bbox 800 476 893 564; x_wconf 75' lang='lat' dir='ltr'><strong>(qnae</strong></span> <span class='ocrx_word' id='word_1_27' title='bbox 915 499 1102 558; x_wconf 84' lang='lat' dir='ltr'><strong>magnopere</strong></span> <span class='ocrx_word' id='word_1_28' title='bbox 1126 485 1189 562; x_wconf 89' lang='lat' dir='ltr'><strong>pla·</strong></span> 
     </span>
     <span class='ocr_line' id='line_1_5' title="bbox 172 573 1189 661; baseline 0.002 -21"><span class='ocrx_word' id='word_1_29' title='bbox 172 582 235 641; x_wconf 86' lang='lat' dir='ltr'><strong>cuit</strong></span> <span class='ocrx_word' id='word_1_30' title='bbox 253 581 485 641; x_wconf 86' lang='lat' dir='ltr'><strong>Wilamowitzio</strong></span> <span class='ocrx_word' id='word_1_31' title='bbox 508 583 528 641; x_wconf 91' lang='grc'><strong>1.</strong></span> <span class='ocrx_word' id='word_1_32' title='bbox 546 599 567 640; x_wconf 92' lang='lat' dir='ltr'><strong>s.</strong></span> <span class='ocrx_word' id='word_1_33' title='bbox 591 603 619 659; x_wconf 89' lang='lat' dir='ltr'><strong>p.</strong></span> <span class='ocrx_word' id='word_1_34' title='bbox 635 583 677 641; x_wconf 88' lang='grc'><strong>43</strong></span> <span class='ocrx_word' id='word_1_35' title='bbox 694 573 785 661; x_wconf 78' lang='lat' dir='ltr'><strong>adn).</strong></span> <span class='ocrx_word' id='word_1_36' title='bbox 822 581 927 657; x_wconf 91' lang='lat' dir='ltr'><strong>itaque</strong></span> <span class='ocrx_word' id='word_1_37' title='bbox 950 579 1043 640; x_wconf 85' lang='lat' dir='ltr'><strong>verba</strong></span> <span class='ocrx_word' id='word_1_38' title='bbox 1065 581 1100 639; x_wconf 91' lang='lat' dir='ltr'><strong>in</strong></span> <span class='ocrx_word' id='word_1_39' title='bbox 1125 583 1189 659; x_wconf 92' lang='lat' dir='ltr'><strong>qui-</strong></span> 
     </span>
     <span class='ocr_line' id='line_1_6' title="bbox 171 677 1187 756; baseline 0.002 -20"><span class='ocrx_word' id='word_1_40' title='bbox 171 677 228 736; x_wconf 87' lang='lat' dir='ltr'><strong>bus</strong></span> <span class='ocrx_word' id='word_1_41' title='bbox 247 679 405 738; x_wconf 85' lang='lat' dir='ltr'><strong>afferendis</strong></span> <span class='ocrx_word' id='word_1_42' title='bbox 421 678 603 738; x_wconf 85' lang='lat' dir='ltr'><strong>Theodoreti</strong></span> <span class='ocrx_word' id='word_1_43' title='bbox 621 678 738 738; x_wconf 83' lang='lat' dir='ltr'><strong>codices</strong></span> <span class='ocrx_word' id='word_1_44' title='bbox 757 678 918 756; x_wconf 85' lang='lat' dir='ltr'><strong>insigniter</strong></span> <span class='ocrx_word' id='word_1_45' title='bbox 936 677 1112 754; x_wconf 86' lang='lat' dir='ltr'><strong>discrepant</strong></span> <span class='ocrx_word' id='word_1_46' title='bbox 1127 699 1187 740; x_wconf 87' lang='lat' dir='ltr'><strong>cor·</strong></span> 
     </span>
     <span class='ocr_line' id='line_1_7' title="bbox 169 776 1188 854; baseline 0.004 -20"><span class='ocrx_word' id='word_1_47' title='bbox 169 779 262 853; x_wconf 88' lang='lat' dir='ltr'><strong>rupta</strong></span> <span class='ocrx_word' id='word_1_48' title='bbox 284 776 395 837; x_wconf 87' lang='lat' dir='ltr'><strong>habeo:</strong></span> <span class='ocrx_word' id='word_1_49' title='bbox 420 780 613 854; x_wconf 78' lang='lat' dir='ltr'><strong>expectamus</strong></span> <span class='ocrx_word' id='word_1_50' title='bbox 635 795 706 837; x_wconf 86' lang='lat' dir='ltr'><strong>vero</strong></span> <span class='ocrx_word' id='word_1_51' title='bbox 731 777 887 837; x_wconf 85' lang='lat' dir='ltr'><strong>Timonem</strong></span> <span class='ocrx_word' id='word_1_52' title='bbox 910 795 946 834; x_wconf 84' lang='lat' dir='ltr'><strong>ex</strong></span> <span class='ocrx_word' id='word_1_53' title='bbox 968 777 1188 838; x_wconf 88' lang='lat' dir='ltr'><strong>consuetudine</strong></span> 
     </span>
     <span class='ocr_line' id='line_1_8' title="bbox 170 873 1187 952; baseline 0.001 -19"><span class='ocrx_word' id='word_1_54' title='bbox 170 892 226 933; x_wconf 90' lang='lat' dir='ltr'><strong>sua</strong></span> <span class='ocrx_word' id='word_1_55' title='bbox 253 878 374 952; x_wconf 90' lang='lat' dir='ltr'><strong>praeter</strong></span> <span class='ocrx_word' id='word_1_56' title='bbox 400 873 534 934; x_wconf 86' lang='lat' dir='ltr'><strong>infinitas</strong></span> <span class='ocrx_word' id='word_1_57' title='bbox 561 873 780 934; x_wconf 83' lang='lat' dir='ltr'><strong>controversias</strong></span> <span class='ocrx_word' id='word_1_58' title='bbox 805 873 1056 950; x_wconf 86' lang='lat' dir='ltr'><strong>philosophorum</strong></span> <span class='ocrx_word' id='word_1_59' title='bbox 1085 893 1187 952; x_wconf 87' lang='lat' dir='ltr'><strong>super·</strong></span> 
     </span>
     <span class='ocr_line' id='line_1_9' title="bbox 170 970 1188 1050; baseline 0.004 -22"><span class='ocrx_word' id='word_1_60' title='bbox 170 970 252 1029; x_wconf 89' lang='lat' dir='ltr'><strong>biam</strong></span> <span class='ocrx_word' id='word_1_61' title='bbox 270 972 498 1047; x_wconf 84' lang='lat' dir='ltr'><strong>opinationesve</strong></span> <span class='ocrx_word' id='word_1_62' title='bbox 516 971 753 1048; x_wconf 79' lang='lat' dir='ltr'><strong>reprehendisse3</strong></span> <span class='ocrx_word' id='word_1_63' title='bbox 777 971 899 1031; x_wconf 83' lang='lat' dir='ltr'><strong>videtur</strong></span> <span class='ocrx_word' id='word_1_64' title='bbox 917 971 1012 1048; x_wconf 83' lang='lat' dir='ltr'><strong>igitur</strong></span> <span class='ocrx_word' id='word_1_65' title='bbox 1030 972 1095 1030; x_wconf 84' lang='lat' dir='ltr'><strong>tale</strong></span> <span class='ocrx_word' id='word_1_66' title='bbox 1116 973 1188 1050; x_wconf 89' lang='lat' dir='ltr'><strong>quid</strong></span> 
     </span>
     <span class='ocr_line' id='line_1_10' title="bbox 170 1068 1187 1146; baseline 0.006 -21"><span class='ocrx_word' id='word_1_67' title='bbox 170 1068 232 1126; x_wconf 90' lang='lat' dir='ltr'><strong>fere</strong></span> <span class='ocrx_word' id='word_1_68' title='bbox 255 1069 349 1126; x_wconf 88' lang='lat' dir='ltr'><strong>latere</strong></span> <span class='ocrx_word' id='word_1_69' title='bbox 374 1070 463 1144; x_wconf 89' lang='lat' dir='ltr'><strong>quale</strong></span> <span class='ocrx_word' id='word_1_70' title='bbox 487 1087 579 1146; x_wconf 86' lang='lat' dir='ltr'><strong>supra</strong></span> <span class='ocrx_word' id='word_1_71' title='bbox 596 1069 749 1145; x_wconf 84' lang='lat' dir='ltr'>proposui.</span> <span class='ocrx_word' id='word_1_72' title='bbox 787 1072 913 1145; x_wconf 88' lang='lat' dir='ltr'><strong>apparet</strong></span> <span class='ocrx_word' id='word_1_73' title='bbox 931 1072 1033 1128; x_wconf 86' lang='lat' dir='ltr'><strong>tamen</strong></span> <span class='ocrx_word' id='word_1_74' title='bbox 1053 1069 1187 1130; x_wconf 68' lang='lat' dir='ltr'><strong>sinonis</strong></span> 
     </span>
     <span class='ocr_line' id='line_1_11' title="bbox 172 1159 1206 1246; baseline -0.001 -24"><span class='ocrx_word' id='word_1_75' title='bbox 172 1164 272 1223; x_wconf 86' lang='lat' dir='ltr'><strong>animo</strong></span> <span class='ocrx_word' id='word_1_76' title='bbox 296 1165 490 1225; x_wconf 84' lang='lat' dir='ltr'><strong>obversatum</strong></span> <span class='ocrx_word' id='word_1_77' title='bbox 512 1183 576 1224; x_wconf 89' lang='lat' dir='ltr'><strong>esse</strong></span> <span class='ocrx_word' id='word_1_78' title='bbox 600 1165 794 1224; x_wconf 86' lang='lat' dir='ltr'><strong>decantatum</strong></span> <span class='ocrx_word' id='word_1_79' title='bbox 816 1165 895 1224; x_wconf 91' lang='lat' dir='ltr'><strong>illud</strong></span> <span class='ocrx_word' id='word_1_80' title='bbox 916 1164 1005 1225; x_wconf 78' lang='grc' dir='ltr'><strong><em>τοίων</em></strong></span> <span class='ocrx_word' id='word_1_81' title='bbox 1027 1161 1062 1224; x_wconf 73' lang='grc' dir='ltr'><strong>ἔκ</strong></span> <span class='ocrx_word' id='word_1_82' title='bbox 1084 1159 1109 1224; x_wconf 84' lang='grc' dir='ltr'><strong>ι’</strong></span> <span class='ocrx_word' id='word_1_83' title='bbox 1132 1164 1206 1246; x_wconf 63' lang='lat' dir='ltr'><strong>dot.</strong></span> 
     </span>
     <span class='ocr_line' id='line_1_12' title="bbox 172 1254 1187 1343; baseline 0.005 -23"><span class='ocrx_word' id='word_1_84' title='bbox 172 1259 234 1320; x_wconf 75' lang='grc' dir='ltr'><strong>ὃων</strong></span> <span class='ocrx_word' id='word_1_85' title='bbox 261 1258 294 1321; x_wconf 64' lang='lat' dir='ltr'><strong>da</strong></span> <span class='ocrx_word' id='word_1_86' title='bbox 321 1281 350 1321; x_wconf 82' lang='grc' dir='ltr'><strong>τε</strong></span> <span class='ocrx_word' id='word_1_87' title='bbox 372 1258 494 1322; x_wconf 75' lang='grc' dir='ltr'><strong><em>νεικέων</em></strong></span> <span class='ocrx_word' id='word_1_88' title='bbox 520 1255 687 1341; x_wconf 81' lang='grc' dir='ltr'><strong><em>γενόμεσθα</em></strong></span> <span class='ocrx_word' id='word_1_89' title='bbox 720 1254 865 1343; x_wconf 87' lang='lat' dir='ltr'><strong>(aliatum</strong></span> <span class='ocrx_word' id='word_1_90' title='bbox 893 1281 911 1321; x_wconf 99' lang='lat' dir='ltr'><strong>a</strong></span> <span class='ocrx_word' id='word_1_91' title='bbox 933 1262 1119 1341; x_wconf 80' lang='lat' dir='ltr'><strong>Porphyrio,</strong></span> <span class='ocrx_word' id='word_1_92' title='bbox 1153 1265 1187 1325; x_wconf 90' lang='lat' dir='ltr'><strong>de</strong></span> 
     </span>
    </p>
   </div>
   <div class='ocr_carea' id='block_1_3' title="bbox 47 1353 1187 1441">
    <p class='ocr_par' dir='ltr' id='par_1_3' title="bbox 47 1353 1187 1441">
     <span class='ocr_line' id='line_1_13' title="bbox 47 1353 1187 1441; baseline 0.004 -24"><span class='ocrx_word' id='word_1_93' title='bbox 47 1379 50 1386; x_wconf 65' lang='lat'><em>¹</em></span> <span class='ocrx_word' id='word_1_94' title='bbox 171 1358 279 1418; x_wconf 86' lang='lat' dir='ltr'><strong>abstin.</strong></span> <span class='ocrx_word' id='word_1_95' title='bbox 303 1360 415 1420; x_wconf 80' lang='lat'><em>11127</em></span> <span class='ocrx_word' id='word_1_96' title='bbox 439 1381 468 1436; x_wconf 89' lang='lat' dir='ltr'><strong>p.</strong></span> <span class='ocrx_word' id='word_1_97' title='bbox 494 1362 571 1436; x_wconf 85' lang='lat'>155,</span> <span class='ocrx_word' id='word_1_98' title='bbox 596 1362 614 1419; x_wconf 89' lang='lat'><strong>3</strong></span> <span class='ocrx_word' id='word_1_99' title='bbox 638 1353 784 1441; x_wconf 81' lang='lat' dir='ltr'><strong>Nauck),</strong></span> <span class='ocrx_word' id='word_1_100' title='bbox 814 1360 895 1437; x_wconf 92' lang='lat' dir='ltr'><strong>quod</strong></span> <span class='ocrx_word' id='word_1_101' title='bbox 922 1360 1023 1436; x_wconf 89' lang='lat' dir='ltr'><strong>ipsum</strong></span> <span class='ocrx_word' id='word_1_102' title='bbox 1046 1363 1097 1420; x_wconf 82' lang='lat' dir='ltr'><strong>vel</strong></span> <span class='ocrx_word' id='word_1_103' title='bbox 1120 1382 1187 1439; x_wconf 90' lang='lat' dir='ltr'><strong>prc-</strong></span> 
     </span>
    </p>
   </div>
   <div class='ocr_carea' id='block_1_4' title="bbox 129 1457 1187 2021">
    <p class='ocr_par' dir='ltr' id='par_1_4' title="bbox 129 1457 1187 1732">
     <span class='ocr_line' id='line_1_14' title="bbox 171 1457 1185 1536; baseline 0.006 -22"><span class='ocrx_word' id='word_1_104' title='bbox 171 1457 285 1516; x_wconf 86' lang='lat' dir='ltr'><strong>fectum</strong></span> <span class='ocrx_word' id='word_1_105' title='bbox 312 1459 361 1519; x_wconf 84' lang='lat' dir='ltr'><strong>vel</strong></span> <span class='ocrx_word' id='word_1_106' title='bbox 390 1458 537 1517; x_wconf 83' lang='lat' dir='ltr'><strong>deflexum</strong></span> <span class='ocrx_word' id='word_1_107' title='bbox 565 1458 602 1516; x_wconf 87' lang='lat' dir='ltr'><strong>ab</strong></span> <span class='ocrx_word' id='word_1_108' title='bbox 629 1458 825 1534; x_wconf 79' lang='lat' dir='ltr'><strong>Empedocle‚</strong></span> <span class='ocrx_word' id='word_1_109' title='bbox 858 1458 911 1535; x_wconf 89' lang='lat' dir='ltr'><strong>qui</strong></span> <span class='ocrx_word' id='word_1_110' title='bbox 937 1462 1069 1536; x_wconf 71' lang='grc' dir='ltr'><strong><em>καθαρμ.</em></strong></span> <span class='ocrx_word' id='word_1_111' title='bbox 1092 1481 1121 1521; x_wconf 83' lang='lat' dir='ltr'><strong>v.</strong></span> <span class='ocrx_word' id='word_1_112' title='bbox 1148 1462 1185 1520; x_wconf 92' lang='grc'><strong>15</strong></span> 
     </span>
     <span class='ocr_line' id='line_1_15' title="bbox 173 1545 1187 1637; baseline 0.007 -25"><span class='ocrx_word' id='word_1_113' title='bbox 173 1545 268 1637; x_wconf 85' lang='grc'>(401)</span> <span class='ocrx_word' id='word_1_114' title='bbox 289 1557 331 1615; x_wconf 86' lang='lat' dir='ltr'><strong>St.</strong></span> <span class='ocrx_word' id='word_1_115' title='bbox 354 1557 482 1616; x_wconf 78' lang='lat' dir='ltr'><strong>mortale</strong></span> <span class='ocrx_word' id='word_1_116' title='bbox 507 1574 602 1632; x_wconf 82' lang='lat' dir='ltr'><strong>genus</strong></span> <span class='ocrx_word' id='word_1_117' title='bbox 625 1557 667 1615; x_wconf 91' lang='lat' dir='ltr'><strong>sic</strong></span> <span class='ocrx_word' id='word_1_118' title='bbox 691 1556 858 1633; x_wconf 86' lang='lat' dir='ltr'><strong>appellavit</strong></span> <span class='ocrx_word' id='word_1_119' title='bbox 881 1554 954 1617; x_wconf 80' lang='grc' dir='ltr'><strong><em>οἴων</em></strong></span> <span class='ocrx_word' id='word_1_120' title='bbox 977 1553 1007 1629; x_wconf 78' lang='grc' dir='ltr'><strong>ἐξ</strong></span> <span class='ocrx_word' id='word_1_121' title='bbox 1029 1550 1139 1635; x_wconf 78' lang='grc' dir='ltr'><strong><em>ἐρίδων</em></strong></span> <span class='ocrx_word' id='word_1_122' title='bbox 1157 1557 1187 1619; x_wconf 64' lang='lat' dir='ltr'><strong>da</strong></span> 
     </span>
     <span class='ocr_line' id='line_1_16' title="bbox 129 1640 1004 1732; baseline 0 -22"><span class='ocrx_word' id='word_1_123' title='bbox 129 1705 132 1710; x_wconf 25' lang='lat'><strong>⁴</strong></span> <span class='ocrx_word' id='word_1_124' title='bbox 169 1671 199 1710; x_wconf 80' lang='grc' dir='ltr'><strong>τε</strong></span> <span class='ocrx_word' id='word_1_125' title='bbox 219 1655 369 1730; x_wconf 80' lang='grc' dir='ltr'><strong><em>στοναχῶν</em></strong></span> <span class='ocrx_word' id='word_1_126' title='bbox 391 1650 535 1732; x_wconf 76' lang='grc' dir='ltr'><strong><em>ἐγένεσθε.</em></strong></span> <span class='ocrx_word' id='word_1_127' title='bbox 998 1640 1004 1649; x_wconf 61' lang='grc'><strong><em>’</em></strong></span> 
     </span>
    </p>

    <p class='ocr_par' dir='ltr' id='par_1_5' title="bbox 172 1748 1186 2021">
     <span class='ocr_line' id='line_1_17' title="bbox 236 1748 1186 1827; baseline 0.008 -20"><span class='ocrx_word' id='word_1_128' title='bbox 236 1749 302 1808; x_wconf 92' lang='lat' dir='ltr'><strong>Hoc</strong></span> <span class='ocrx_word' id='word_1_129' title='bbox 322 1751 527 1827; x_wconf 73' lang='lat' dir='ltr'><strong>fragmentum</strong></span> <span class='ocrx_word' id='word_1_130' title='bbox 546 1768 615 1808; x_wconf 92' lang='lat' dir='ltr'><strong>cum</strong></span> <span class='ocrx_word' id='word_1_131' title='bbox 633 1748 823 1808; x_wconf 74' lang='lat' dir='ltr'><strong>antecedenti</strong></span> <span class='ocrx_word' id='word_1_132' title='bbox 846 1752 927 1808; x_wconf 87' lang='lat' dir='ltr'><strong>arcte</strong></span> <span class='ocrx_word' id='word_1_133' title='bbox 947 1750 1110 1813; x_wconf 89' lang='lat' dir='ltr'><strong>cohaerere</strong></span> <span class='ocrx_word' id='word_1_134' title='bbox 1129 1757 1186 1814; x_wconf 87' lang='lat' dir='ltr'><strong>sta·</strong></span> 
     </span>
     <span class='ocr_line' id='line_1_18' title="bbox 172 1846 1185 1925; baseline 0.009 -22"><span class='ocrx_word' id='word_1_135' title='bbox 172 1846 233 1904; x_wconf 87' lang='lat' dir='ltr'><strong>tuit</strong></span> <span class='ocrx_word' id='word_1_136' title='bbox 260 1846 510 1906; x_wconf 86' lang='lat' dir='ltr'><strong>Wilamowitzius</strong></span> <span class='ocrx_word' id='word_1_137' title='bbox 538 1849 557 1905; x_wconf 90' lang='lat' dir='ltr'><strong>l.</strong></span> <span class='ocrx_word' id='word_1_138' title='bbox 582 1866 604 1905; x_wconf 89' lang='lat' dir='ltr'><strong>s.</strong></span> <span class='ocrx_word' id='word_1_139' title='bbox 632 1869 660 1925; x_wconf 91' lang='lat' dir='ltr'><strong>p.</strong></span> <span class='ocrx_word' id='word_1_140' title='bbox 684 1850 740 1922; x_wconf 85' lang='lat'><strong>40,</strong></span> <span class='ocrx_word' id='word_1_141' title='bbox 772 1850 935 1923; x_wconf 89' lang='lat' dir='ltr'><strong>postquam</strong></span> <span class='ocrx_word' id='word_1_142' title='bbox 967 1846 998 1904; x_wconf 91' lang='lat' dir='ltr'><strong>in</strong></span> <span class='ocrx_word' id='word_1_143' title='bbox 1031 1849 1087 1910; x_wconf 88' lang='lat' dir='ltr'><strong>illo</strong></span> <span class='ocrx_word' id='word_1_144' title='bbox 1116 1873 1144 1914; x_wconf 78' lang='lat' dir='ltr'><strong>v.</strong></span> <span class='ocrx_word' id='word_1_145' title='bbox 1169 1855 1185 1912; x_wconf 81' lang='lat'><strong>2</strong></span> 
     </span>
     <span class='ocr_line' id='line_1_19' title="bbox 172 1939 930 2021; baseline 0.004 -21"><span class='ocrx_word' id='word_1_146' title='bbox 172 1939 326 2020; x_wconf 79' lang='grc' dir='ltr'><strong><em>δαμνᾶσθε</em></strong></span> <span class='ocrx_word' id='word_1_147' title='bbox 350 1945 490 2004; x_wconf 87' lang='lat' dir='ltr'><strong>coniecit:</strong></span> <span class='ocrx_word' id='word_1_148' title='bbox 513 1948 656 2004; x_wconf 87' lang='lat' dir='ltr'><strong>neutrum</strong></span> <span class='ocrx_word' id='word_1_149' title='bbox 679 1944 754 2002; x_wconf 90' lang='lat' dir='ltr'><strong>mihi</strong></span> <span class='ocrx_word' id='word_1_150' title='bbox 776 1943 930 2021; x_wconf 87' lang='lat' dir='ltr'><strong>probatur.</strong></span> 
     </span>
    </p>
   </div>
   <div class='ocr_carea' id='block_1_5' title="bbox 215 2219 971 2422">
    <p class='ocr_par' dir='ltr' id='par_1_6' title="bbox 215 2219 971 2422">
     <span class='ocr_line' id='line_1_20' title="bbox 603 2219 808 2279; baseline 0.005 -48"><span class='ocrx_word' id='word_1_151' title='bbox 603 2219 750 2279; x_wconf 71' lang='lat' dir='ltr'>XXXHH</span> <span class='ocrx_word' id='word_1_152' title='bbox 805 2227 808 2232; x_wconf 91' lang='lat'>.</span> 
     </span>
     <span class='ocr_line' id='line_1_21' title="bbox 215 2301 971 2422; baseline 0.001 -21"><span class='ocrx_word' id='word_1_153' title='bbox 215 2332 391 2422; x_wconf 76' lang='grc' dir='ltr'><strong><em>ἅνθρωποι</em></strong></span> <span class='ocrx_word' id='word_1_154' title='bbox 415 2340 533 2422; x_wconf 60' lang='lat' dir='ltr'><strong>accede</strong></span> <span class='ocrx_word' id='word_1_155' title='bbox 557 2301 686 2422; x_wconf 68' lang='grc' dir='ltr'><strong><em>ιιίήσιος</em></strong></span> <span class='ocrx_word' id='word_1_156' title='bbox 708 2340 843 2422; x_wconf 77' lang='grc' dir='ltr'><strong><em>ἔμπλεοι</em></strong></span> <span class='ocrx_word' id='word_1_157' title='bbox 865 2332 971 2403; x_wconf 78' lang='grc' dir='ltr'><strong><em>ἀσκοί.</em></strong></span> 
     </span>
    </p>
   </div>
   <div class='ocr_carea' id='block_1_6' title="bbox 171 2521 1189 2791">
    <p class='ocr_par' dir='ltr' id='par_1_7' title="bbox 171 2521 1189 2791">
     <span class='ocr_line' id='line_1_22' title="bbox 238 2521 1188 2602; baseline 0.008 -24"><span class='ocrx_word' id='word_1_158' title='bbox 238 2537 324 2579; x_wconf 80' lang='lat' dir='ltr'><strong>nnsr.</strong></span> <span class='ocrx_word' id='word_1_159' title='bbox 349 2521 554 2580; x_wconf 84' lang='lat' dir='ltr'><strong>Aristocles</strong></span> <span class='ocrx_word' id='word_1_160' title='bbox 578 2539 625 2596; x_wconf 87' lang='lat' dir='ltr'><strong>ap.</strong></span> <span class='ocrx_word' id='word_1_161' title='bbox 644 2521 841 2580; x_wconf 81' lang='lat' dir='ltr'><strong>Eusebium</strong></span> <span class='ocrx_word' id='word_1_162' title='bbox 863 2540 965 2598; x_wconf 88' lang='lat' dir='ltr'><strong>praep.</strong></span> <span class='ocrx_word' id='word_1_163' title='bbox 990 2541 1098 2602; x_wconf 82' lang='lat' dir='ltr'><strong>evang.</strong></span> <span class='ocrx_word' id='word_1_164' title='bbox 1123 2527 1188 2586; x_wconf 90' lang='lat' dir='ltr'><strong>loco</strong></span> 
     </span>
     <span class='ocr_line' id='line_1_23' title="bbox 173 2615 1189 2701; baseline 0.009 -29"><span class='ocrx_word' id='word_1_165' title='bbox 173 2615 212 2673; x_wconf 89' lang='lat' dir='ltr'><strong>ad</strong></span> <span class='ocrx_word' id='word_1_166' title='bbox 234 2616 269 2674; x_wconf 89' lang='lat' dir='ltr'><strong>fr.</strong></span> <span class='ocrx_word' id='word_1_167' title='bbox 293 2618 425 2677; x_wconf 85' lang='lat' dir='ltr'>XXXIII</span> <span class='ocrx_word' id='word_1_168' title='bbox 447 2618 616 2696; x_wconf 82' lang='lat' dir='ltr'><strong>significato</strong></span> <span class='ocrx_word' id='word_1_169' title='bbox 639 2623 709 2695; x_wconf 89' lang='lat' dir='ltr'><strong>post</strong></span> <span class='ocrx_word' id='word_1_170' title='bbox 733 2637 768 2677; x_wconf 89' lang='lat' dir='ltr'><strong>ea</strong></span> <span class='ocrx_word' id='word_1_171' title='bbox 791 2637 869 2695; x_wconf 87' lang='lat' dir='ltr'><strong>quae</strong></span> <span class='ocrx_word' id='word_1_172' title='bbox 892 2619 936 2676; x_wconf 91' lang='lat' dir='ltr'><strong>ibi</strong></span> <span class='ocrx_word' id='word_1_173' title='bbox 959 2621 1053 2678; x_wconf 87' lang='lat' dir='ltr'><strong>attuli</strong></span> <span class='ocrx_word' id='word_1_174' title='bbox 1075 2624 1189 2701; x_wconf 80' lang='lat' dir='ltr'><strong>pergit:</strong></span> 
     </span>
     <span class='ocr_line' id='line_1_24' title="bbox 171 2707 1189 2791; baseline 0.011 -22"><span class='ocrx_word' id='word_1_175' title='bbox 171 2708 221 2769; x_wconf 81' lang='grc' dir='ltr'><strong><em>ιιαὶ</em></strong></span> <span class='ocrx_word' id='word_1_176' title='bbox 246 2707 426 2791; x_wconf 73' lang='grc' dir='ltr'><strong><em>«ἅνθρωποι</em></strong></span> <span class='ocrx_word' id='word_1_177' title='bbox 444 2747 485 2755; x_wconf 96' lang='grc'>-</span> <span class='ocrx_word' id='word_1_178' title='bbox 505 2708 620 2783; x_wconf 62' lang='grc' dir='ltr'><em>ἀσκοί».</em></span> <span class='ocrx_word' id='word_1_179' title='bbox 659 2716 910 2776; x_wconf 85' lang='lat' dir='ltr'><strong>Theodoretus</strong></span> <span class='ocrx_word' id='word_1_180' title='bbox 939 2715 988 2776; x_wconf 80' lang='lat' dir='ltr'><strong>Gr.</strong></span> <span class='ocrx_word' id='word_1_181' title='bbox 1008 2718 1108 2778; x_wconf 79' lang='lat' dir='ltr'><strong>affeci.</strong></span> <span class='ocrx_word' id='word_1_182' title='bbox 1129 2740 1189 2780; x_wconf 89' lang='lat' dir='ltr'><strong>cur.</strong></span> 
     </span>
    </p>
   </div>
   <div class='ocr_carea' id='block_1_7' title="bbox 172 2808 1191 2986">
    <p class='ocr_par' dir='ltr' id='par_1_8' title="bbox 172 2808 1191 2986">
     <span class='ocr_line' id='line_1_25' title="bbox 172 2808 1191 2896; baseline 0.01 -30"><span class='ocrx_word' id='word_1_183' title='bbox 172 2808 238 2867; x_wconf 89' lang='lat' dir='ltr'><strong>loco</strong></span> <span class='ocrx_word' id='word_1_184' title='bbox 263 2810 301 2868; x_wconf 92' lang='lat' dir='ltr'><strong>ad</strong></span> <span class='ocrx_word' id='word_1_185' title='bbox 320 2811 356 2868; x_wconf 73' lang='lat' dir='ltr'><strong>fr.</strong></span> <span class='ocrx_word' id='word_1_186' title='bbox 375 2811 506 2880; x_wconf 76' lang='lat' dir='ltr'><strong>xxxffl</strong></span> <span class='ocrx_word' id='word_1_187' title='bbox 530 2811 699 2888; x_wconf 84' lang='lat' dir='ltr'><strong>significato</strong></span> <span class='ocrx_word' id='word_1_188' title='bbox 722 2818 792 2889; x_wconf 87' lang='lat' dir='ltr'><strong>post</strong></span> <span class='ocrx_word' id='word_1_189' title='bbox 816 2833 851 2872; x_wconf 87' lang='lat' dir='ltr'><strong>ea</strong></span> <span class='ocrx_word' id='word_1_190' title='bbox 874 2832 951 2892; x_wconf 88' lang='lat' dir='ltr'><strong>quae</strong></span> <span class='ocrx_word' id='word_1_191' title='bbox 974 2814 1018 2873; x_wconf 90' lang='lat' dir='ltr'><strong>ibi</strong></span> <span class='ocrx_word' id='word_1_192' title='bbox 1040 2816 1191 2896; x_wconf 88' lang='lat' dir='ltr'><strong>adscripsi</strong></span> 
     </span>
     <span class='ocr_line' id='line_1_26' title="bbox 172 2901 684 2986; baseline 0.012 -23"><span class='ocrx_word' id='word_1_193' title='bbox 172 2906 285 2983; x_wconf 82' lang='lat' dir='ltr'><strong>pergit:</strong></span> <span class='ocrx_word' id='word_1_194' title='bbox 311 2901 488 2986; x_wconf 70' lang='grc' dir='ltr'><strong><em>«ἅνθρωποι</em></strong></span> <span class='ocrx_word' id='word_1_195' title='bbox 507 2942 550 2951; x_wconf 85' lang='grc'><strong>-</strong></span> <span class='ocrx_word' id='word_1_196' title='bbox 569 2902 684 2969; x_wconf 77' lang='lat' dir='ltr'><strong>dcccl».</strong></span> 
     </span>
    </p>
   </div>
   <div class='ocr_carea' id='block_1_8' title="bbox 187 3037 583 3110">
    <p class='ocr_par' dir='ltr' id='par_1_9' title="bbox 187 3037 583 3110">
     <span class='ocr_line' id='line_1_27' title="bbox 187 3037 583 3110; baseline 0.013 -16"><span class='ocrx_word' id='word_1_197' title='bbox 187 3072 191 3081; x_wconf 88' lang='lat'>-</span> <span class='ocrx_word' id='word_1_198' title='bbox 242 3037 352 3110; x_wconf 77' lang='grc' dir='ltr'><strong><em>οἰήσεος</em></strong></span> <span class='ocrx_word' id='word_1_199' title='bbox 369 3042 433 3097; x_wconf 81' lang='lat' dir='ltr'><strong>Eas.</strong></span> <span class='ocrx_word' id='word_1_200' title='bbox 454 3043 476 3097; x_wconf 91' lang='lat' dir='ltr'>I</span> <span class='ocrx_word' id='word_1_201' title='bbox 578 3054 583 3063; x_wconf 84' lang='lat'>&#39;</span> 
     </span>
    </p>
   </div>
   <div class='ocr_carea' id='block_1_9' title="bbox 172 3204 1192 3585">
    <p class='ocr_par' dir='ltr' id='par_1_10' title="bbox 172 3204 1192 3585">
     <span class='ocr_line' id='line_1_28' title="bbox 238 3204 1188 3294; baseline 0.007 -24"><span class='ocrx_word' id='word_1_202' title='bbox 238 3230 333 3270; x_wconf 84' lang='lat' dir='ltr'><strong>conn.</strong></span> <span class='ocrx_word' id='word_1_203' title='bbox 357 3212 533 3289; x_wconf 81' lang='lat' dir='ltr'><strong>Epicharmi</strong></span> <span class='ocrx_word' id='word_1_204' title='bbox 551 3217 658 3272; x_wconf 87' lang='lat' dir='ltr'><strong>notum</strong></span> <span class='ocrx_word' id='word_1_205' title='bbox 671 3231 792 3272; x_wconf 83' lang='lat' dir='ltr'><strong>versum</strong></span> <span class='ocrx_word' id='word_1_206' title='bbox 811 3204 861 3294; x_wconf 85' lang='lat' dir='ltr'><strong>(fr.</strong></span> <span class='ocrx_word' id='word_1_207' title='bbox 874 3215 935 3273; x_wconf 84' lang='grc'><strong>145</strong></span> <span class='ocrx_word' id='word_1_208' title='bbox 951 3213 1034 3292; x_wconf 70' lang='lat' dir='ltr'><strong>Aha,</strong></span> <span class='ocrx_word' id='word_1_209' title='bbox 1048 3208 1153 3276; x_wconf 81' lang='grc' dir='ltr'><strong><em>ιἰδέσπ.</em></strong></span> <span class='ocrx_word' id='word_1_210' title='bbox 1169 3221 1188 3276; x_wconf 89' lang='grc'><strong>5</strong></span> 
     </span>
     <span class='ocr_line' id='line_1_29' title="bbox 172 3301 1189 3391; baseline 0.011 -26"><span class='ocrx_word' id='word_1_211' title='bbox 172 3301 309 3390; x_wconf 78' lang='lat' dir='ltr'><strong>Lorenz.)</strong></span> <span class='ocrx_word' id='word_1_212' title='bbox 334 3304 408 3369; x_wconf 73' lang='lat' dir='ltr'><strong>advoc</strong></span> <span class='ocrx_word' id='word_1_213' title='bbox 432 3305 521 3386; x_wconf 80' lang='grc' dir='ltr'><strong><em>φύσις</em></strong></span> <span class='ocrx_word' id='word_1_214' title='bbox 539 3304 711 3389; x_wconf 77' lang='grc' dir='ltr'><strong><em>ἀνθρώπων</em></strong></span> <span class='ocrx_word' id='word_1_215' title='bbox 734 3304 818 3370; x_wconf 77' lang='grc' dir='ltr'><strong><em>ἀσκοὶ</em></strong></span> <span class='ocrx_word' id='word_1_216' title='bbox 841 3307 1056 3389; x_wconf 76' lang='grc' dir='ltr'><strong><em>πεφνσιαμένοι</em></strong></span> <span class='ocrx_word' id='word_1_217' title='bbox 1079 3319 1189 3391; x_wconf 82' lang='lat' dir='ltr'><strong>poetae</strong></span> 
     </span>
     <span class='ocr_line' id='line_1_30' title="bbox 175 3400 1189 3493; baseline 0.01 -31"><span class='ocrx_word' id='word_1_218' title='bbox 175 3404 369 3466; x_wconf 83' lang='lat' dir='ltr'><strong>obversatum</strong></span> <span class='ocrx_word' id='word_1_219' title='bbox 383 3427 446 3467; x_wconf 89' lang='lat' dir='ltr'><strong>esse</strong></span> <span class='ocrx_word' id='word_1_220' title='bbox 462 3409 571 3468; x_wconf 84' lang='lat' dir='ltr'><strong>statuit</strong></span> <span class='ocrx_word' id='word_1_221' title='bbox 584 3408 766 3485; x_wconf 84' lang='lat' dir='ltr'><strong>Knaackius,</strong></span> <span class='ocrx_word' id='word_1_222' title='bbox 781 3409 974 3468; x_wconf 86' lang='lat' dir='ltr'><strong>coniectanea</strong></span> <span class='ocrx_word' id='word_1_223' title='bbox 989 3400 1109 3493; x_wconf 83' lang='lat'>(1883)</span> <span class='ocrx_word' id='word_1_224' title='bbox 1118 3433 1149 3489; x_wconf 92' lang='lat' dir='ltr'><strong>p.</strong></span> <span class='ocrx_word' id='word_1_225' title='bbox 1162 3417 1189 3491; x_wconf 82' lang='lat'><strong>1,</strong></span> 
     </span>
     <span class='ocr_line' id='line_1_31' title="bbox 173 3502 1192 3585; baseline 0.014 -28"><span class='ocrx_word' id='word_1_226' title='bbox 173 3502 226 3576; x_wconf 89' lang='lat' dir='ltr'><strong>qui</strong></span> <span class='ocrx_word' id='word_1_227' title='bbox 248 3508 404 3580; x_wconf 89' lang='lat' dir='ltr'><strong>praeterea</strong></span> <span class='ocrx_word' id='word_1_228' title='bbox 428 3508 531 3585; x_wconf 90' lang='lat' dir='ltr'><strong>eodem</strong></span> <span class='ocrx_word' id='word_1_229' title='bbox 553 3508 675 3566; x_wconf 84' lang='lat' dir='ltr'><strong>rettulit</strong></span> <span class='ocrx_word' id='word_1_230' title='bbox 693 3506 909 3566; x_wconf 87' lang='lat' dir='ltr'><strong>Petronianum</strong></span> <span class='ocrx_word' id='word_1_231' title='bbox 928 3509 969 3565; x_wconf 82' lang='lat'><strong>42</strong></span> <span class='ocrx_word' id='word_1_232' title='bbox 993 3513 1073 3568; x_wconf 78' lang='lat' dir='ltr'><strong>atres</strong></span> <span class='ocrx_word' id='word_1_233' title='bbox 1090 3512 1192 3584; x_wconf 66' lang='grc' dir='ltr'><strong><em>ιἰιιῑιιίὲ</em></strong></span> 
     </span>
    </p>
   </div>
   <div class='ocr_carea' id='block_1_10' title="bbox 0 0 1238 3832">
    <p class='ocr_par' dir='ltr' id='par_1_11' title="bbox 0 0 1238 3832">
     <span class='ocr_line' id='line_1_32' title="bbox 0 0 1238 3832; baseline 0 0"><span class='ocrx_word' id='word_1_234' title='bbox 0 0 1238 3832; x_wconf 95' lang='lat' dir='ltr'><strong> </strong></span> 
     </span>
    </p>
   </div>
  </div>
 </body>
</html>
