2466 3832
513 159 735 225 ..52-

117 325 271 386 difficilem
295 343 372 402 quae
396 327 443 383 est
465 325 502 383 de
525 324 652 385 diversis
676 322 903 383 correctrioibus
926 322 1066 382 manibus
1090 325 1134 384 sic

119 421 359 482 diiudicaverim:
382 421 414 480 in
432 420 596 481 levioribus
617 421 797 498 quibusdam
815 421 905 482 rebus
924 421 986 479 iam
1002 421 1135 498 aprima

116 538 209 578 manu
227 510 295 599 (ΡΙ)
318 518 398 578 inter
420 518 611 577 scribendum
635 523 787 579 correctus
807 524 862 597 est,
886 519 993 578 deinde
1014 519 1134 596 aliquot

115 617 190 676 locis
213 635 231 675 a
253 635 347 675 manu
369 617 474 693 altera,
498 615 584 675 cuius
608 618 812 676 atramentum
835 620 866 675 et
884 614 1034 675 scribendi
1052 616 1133 676 ratio

16 794 19 799 .
117 733 178 773 non
203 733 327 790 prorsus
354 714 452 791 paria,
485 713 538 772 sed
566 714 727 773 admodum
750 718 821 773 sunt
844 713 956 772 similia
979 702 1071 791 (hanc
1095 706 1136 773 P2

118 806 209 893 dixi);
229 813 335 872 deinde
355 813 466 872 iterum
484 815 516 871 et
529 811 790 873 vehementissime
803 830 859 887 per
872 811 996 870 tertiam
1010 829 1135 872 manum

117 901 187 991 (1³⁹)
213 929 291 986 quae
315 910 490 985 saepissime
514 909 671 985 antiquam
693 909 875 985 scripturam
896 908 1028 968 radendo
1053 909 1134 969 dele-

116 1006 172 1066 bat
199 1011 230 1067 ct
258 1007 357 1066 lurido
385 1006 530 1066 utebatur
552 1010 722 1066 atramento
745 1007 947 1081 interpolatus
971 1010 1017 1065 est
1040 1007 1135 1066 codex

117 1105 282 1163 secundum
304 1102 416 1162 librum
440 1105 492 1181 qui
517 1097 698 1180 ‘vulgatam’
721 1103 883 1162 lectionem
907 1102 1056 1180 exhibuit3
1079 1124 1135 1181 po-

116 1203 227 1259 stremo
255 1200 477 1260 recentissimas
505 1201 704 1260 correctiones
728 1192 798 1280 (P‘)
826 1200 1002 1278 compendio
1029 1203 1134 1280 11111-

119 1298 224 1357 ductas
260 1316 368 1375 passus
406 1302 453 1357 est
487 1301 572 1357 totus
610 1298 702 1358 codex
739 1316 814 1375 quas
846 1299 878 1356 in
909 1298 1023 1358 decimo
1055 1298 1134 1359 libro

118 1394 377 1471 frequentissimas
404 1413 468 1454 esse
493 1394 597 1472 audio,
624 1395 656 1453 in
680 1393 814 1454 Timonis
837 1392 1029 1472 Cratetisque
1052 1397 1134 1474 frag-

120 1492 229 1550 mentis
253 1492 356 1551 deesse
379 1497 501 1569 praeter
522 1492 554 1551 Π
573 1493 614 1551 55
639 1485 768 1573 1111151).

184 1589 340 1649 Parisinus
369 1588 501 1649 Graecus
532 1591 616 1650 1758
646 1608 722 1649 1115.
745 1582 850 1670 XIV2)
879 1580 942 1670 (Q)
973 1590 1136 1667 diligenter

121 1686 243 1762 quidem
266 1686 318 1745 sed
340 1687 524 1761 aliquotiens
548 1687 627 1745 male
650 1686 814 1746 intellectis
840 1689 945 1763 paullo
969 1688 1134 1748 rarioribus

120 1782 270 1841 scribendi
297 1783 480 1857 compendiis
509 1782 677 1859 descriptus
707 1803 742 1843 ex
764 1785 901 1845 Parisino
924 1785 953 1844 P
977 1789 1047 1862 post
1070 1804 1133 1845 cor-

119 1879 244 1937 rectoris
262 1879 371 1955 prioris
386 1870 458 1960 (P2)
478 1897 614 1955 operam:
635 1881 715 1940 hune
735 1900 855 1958 quoque
874 1881 906 1939 in
924 1900 1025 1940 meum
1043 1901 1135 1942 usum

119 1975 250 2034 contulit
279 1975 536 2036 (lundermannus.
566 2009 608 2017 -
641 1982 775 2039 ceterum
806 1982 970 2056 utrumme
1002 1980 1135 2040 codicem
1162 1966 1165 1974 ¹

120 2072 291 2133 Parisinum
315 2074 441 2134 subinde
464 2075 525 2132 iam
543 2075 716 2151 inspexerat
733 2076 903 2153 Menagius,
926 2080 997 2152 post
1015 2076 1133 2136 diutur-

119 2189 189 2229 nam
216 2191 287 2232 vero
316 2172 498 2233 oblivionem
529 2172 641 2232 iterum
672 2173 705 2232 in
735 2175 833 2232 lucem
861 2174 1011 2248 protraxit
1037 2192 1135 2250 nuper

120 2267 276 2328 Bonnetus
300 2289 375 2329 mus.
399 2271 492 2328 Rhon.
516 2271 632 2330 XXXII
652 2291 682 2347 p.
707 2272 769 2330 578
785 2289 849 2348 sqq.
949 2325 951 2329 ,

185 2364 374 2426 Burbonicus
399 2365 503 2427 Graec.
524 2369 587 2428 253
612 2387 688 2428 saec.
711 2368 771 2427 XII
793 2368 1038 2427 membranaceus
1060 2358 1134 2449 (ab

119 2463 217 2538 quode
245 2463 416 2524 accuratius
444 2464 567 2524 rettulit
588 2465 778 2525 Nietzschius
805 2486 904 2543 progr.
928 2465 1020 2524 Basil.
1048 2467 1134 2526 1870

120 2580 148 2633 p.
175 2562 215 2617 17
240 2577 283 2634 sq.
316 2561 469 2635 cumipse
492 2563 593 2619 totum
616 2563 897 2622 contulia.1861.

186 2654 410 2715 Laurentianus
434 2655 534 2731 plutei
557 2656 701 2716 LXVIIII
727 2659 765 2716 13
791 2676 866 2717 saec.
889 2659 949 2717 XII
970 2659 1132 2718 membran.

121 2742 192 2831 (F)
226 2752 357 2810 collatus
381 2755 427 2811 est
445 2770 463 2809 a
482 2750 608 2831 Oobeto,
633 2754 718 2813 cuins
742 2755 865 2814 schedas
888 2755 963 2814 mihi
987 2756 1059 2816 olim
1079 2775 1135 2831 per

119 2847 168 2906 Fr.
191 2847 351 2907 Ritschelii
373 2849 614 2910 benevolentiam
643 2869 790 2927 usurpare
818 2853 918 2928 licuit3
946 2853 978 2911 in
1000 2854 1134 2912 Timonis

122 2945 300 3022 fragmentis
323 2964 342 3004 a
364 2965 411 3006 me
433 2947 547 3022 passim
570 2947 668 3007 denno
692 2949 853 3025 inspectus

123 3047 336 3056 ---.---.

165 3082 167 3087 ’
192 3079 219 3148 1)
237 3077 381 3134 Interdum
401 3079 442 3132 Ρ4
461 3079 607 3149 antiquam
625 3099 643 3136 a
663 3081 702 3135 P⁸
724 3083 847 3139 deletam
872 3084 1037 3153 scripturam
1060 3098 1133 3136 mar·

121 3158 186 3227 gine
205 3158 302 3214 addito
321 3155 379 3228 εἶχε
397 3159 531 3215 restituit.

192 3242 221 3308 2)
238 3237 311 3295 Huic
335 3239 445 3294 saeculo
463 3239 606 3295 Bonnetus
624 3241 643 3296 l.
663 3261 684 3296 e.
703 3261 730 3312 p.
750 3248 801 3298 581
826 3239 976 3311 adscripsit
998 3241 1134 3311 codicem,

121 3319 221 3385 postea
238 3335 304 3374 sane
322 3318 398 3373 idem
415 3323 495 3388 (mus.
509 3319 599 3375 Rhen.
614 3321 731 3376 XXXIV
744 3341 772 3391 p.
786 3325 849 3390 487)
864 3338 935 3376 saec.
950 3319 1002 3376 XV
1017 3323 1133 3377 exeunte

122 3398 167 3451 vel
185 3397 250 3452 XVI
271 3399 385 3455 ineunte
408 3417 472 3455 enm
495 3402 639 3455 exaratum
653 3417 713 3456 esee
728 3400 882 3456 contendit:
902 3401 1010 3469 quade
1029 3416 1060 3454 re
1077 3417 1136 3455 am-

123 3474 204 3547 bigo,
228 3477 361 3546 quoniam
378 3480 461 3536 Laur.
481 3479 516 3534 H
536 3481 585 3549 qui
606 3482 671 3550 post
692 3478 850 3533 Parisinum
870 3479 894 3550 Q
912 3495 946 3534 ex
965 3480 993 3533 P
1007 3479 1087 3534 fluxit
1106 3481 1135 3534 et

123 3554 207 3610 Rosio
226 3557 254 3610 et
271 3572 316 3610 me
334 3556 427 3613 iudice
446 3559 566 3629 scriptus
586 3561 630 3613 est
648 3559 759 3614 saeculo
778 3557 851 3613 XIV.
