2466 3832
514 144 733 208 ..78-

181 308 247 367 Hac
280 327 351 384 ergo
383 309 565 367 versicolore
591 312 676 367 veste
704 327 723 366 a
750 309 862 384 cynicis
891 307 1131 388 σπουδογελοίοις

115 406 215 465 induti
238 405 300 465 silli
319 409 527 481 pervenerunt·
541 404 580 463 ad
598 406 755 465 Timonem
772 406 955 483 Phliasium,
978 426 997 465 a
1015 427 1077 483 quo
1099 409 1132 466 in

116 521 266 562 summum
288 503 447 581 fastigium
470 504 620 581 quomodo
644 504 737 563 erecti
760 504 821 563 sint
844 523 936 579 supra
959 505 1130 564 accuratius

115 601 266 676 descripsi.

181 699 263 757 Num
284 702 387 758 antem
409 701 492 774 post
511 698 692 758 Timonem
710 719 846 776 unquam
865 700 928 758 silli
946 700 1053 775 scripti
1071 700 1132 760 sint

117 796 250 856 dubitari
272 800 387 873 potest,
415 815 485 854 oum
507 797 594 855 nulla
616 800 699 856 certa
722 801 824 857 extent
846 797 990 877 vestigis3
1021 799 1132 858 adsunt

114 914 185 955 vero
212 893 325 953 indicia
351 893 532 970 certissima,
560 894 670 971 quibus
698 896 844 971 probetur
867 896 1001 955 Timonis
1028 899 1129 955 aetate

116 996 238 1050 enatum
261 996 294 1050 ct
313 991 532 1050 recentioribus
556 993 648 1051 ctiam
671 993 856 1068 temporibus
884 994 1039 1052 excultum
1062 1010 1127 1051 esse

114 1108 209 1166 genus
232 1107 355 1165 poeseos
383 1089 461 1148 sillis
488 1089 650 1148 admodum
675 1090 785 1166 simile,
809 1091 945 1150 satiras
968 1090 1034 1149 dico
1057 1090 1129 1148 Me-

114 1187 265 1262 nippeas
289 1186 352 1246 sive
376 1187 531 1262 cynices.

181 1284 371 1361 Menippus
387 1283 567 1343 GadarensiS
576 1274 609 1363 ¹‚)
625 1303 715 1360 quem
730 1280 960 1363 σπουδογέλοιον
974 1287 1006 1343 et
1018 1235 1126 1342 Strabo

114 1382 335 1458 991999)
352 1384 414 1441 759
435 1385 465 1440 et
484 1373 607 1461 (Philon
626 1373 689 1462 ap.)
710 1381 852 1458 Stephon.
870 1381 942 1458 Byr
960 1401 987 1442 v.
1006 1375 1129 1490 Γάδαρα

116 1479 201 1556 dixit,
224 1479 345 1556 quando
364 1480 474 1540 vixerit
492 1499 511 1538 a
528 1479 634 1538 multis
640 1471 668 1559 2)
691 1498 788 1556 nuper
811 1481 983 1556 quaesitum
1005 1483 1053 1541 est
1076 1479 1128 1556 qui

114 1595 216 1636 omnes
248 1578 378 1653 profecti
410 1581 482 1637 sunt
514 1597 529 1635 e
557 1576 673 1635 Leontii
704 1577 878 1637 testimonio
906 1579 962 1637 hoc
988 1570 1046 1658 (VI
1070 1568 1127 1656 99)

114 1668 150 1732 τὰ
178 1669 210 1733 di
237 1674 336 1752 βιβλία
365 1668 455 1735 αὐτοῦ
483 1671 680 1754 καταγέλωτος
708 1671 789 1753 γέμει
815 1675 867 1734 καί
891 1697 917 1736 τι
944 1669 1023 1753 (κατ’
1053 1676 1128 1735 coni.

114 1770 269 1830 Heckerus
288 1772 308 1829 l.
328 1772 347 1830 i.
367 1764 405 1853 s.)
424 1764 489 1832 ἴσον
507 1776 567 1844 τοῖς
586 1766 764 1851 Μελεάγρου
783 1775 835 1833 τοῦ
852 1766 915 1831 κατ’
938 1765 1029 1832 αὐτὸν
1047 1794 1128 1850 γενο-

114 1864 215 1945 μένουτ
233 1869 385 1947 Meleager
398 1888 469 1929 vero
485 1888 552 1927 cnm
568 1869 733 1928 secundum
747 1871 882 1930 scholion
896 1869 1048 1946 quoddam
1059 1887 1127 1944 pro-

113 1966 204 2026 oemii
222 1985 349 2026 coronae
367 1968 512 2045 Meleagri
530 1967 629 2027 Vetic.
649 1967 712 2027 cod.
731 1988 760 2044 p.
781 1971 822 2027 82
842 1963 890 2027 ἐπὶ
908 1960 1056 2026 Σελεύκου
1074 1968 1127 2024 τοῦ

113 2057 236 2142 ἐσχάτου
255 2058 402 2146 (93-80
417 2086 443 2125 a.
458 2058 541 2147 Chr.)
560 2060 739 2149 floruerit³)‚
758 2067 933 2143 Menippum
951 2065 982 2122 in
1001 2063 1126 2123 eandem

114 2167 246 2223 aetatem
262 2164 463 2225 detruserunt.
493 2165 574 2242 qnod
587 2170 751 2244 postquam
768 2165 959 2225 intellectum
972 2166 1020 2222 est
1037 2164 1126 2238 plane

113 2261 235 2321 admitti
258 2281 318 2322 non
336 2281 433 2341 posse,
457 2263 582 2324 diversis
600 2263 769 2324 rationibus
788 2262 903 2322 Laertii
920 2260 1128 2322 testimonium

113 2364 248 2421 avortere
271 2361 463 2440 studuerim,
485 2361 641 2435 Heclrerns
661 2361 789 2422 coniecit
806 2361 859 2420 τοῦ
876 2355 924 2418 καὶ
944 2351 1037 2419 αὐτοῦ
1056 2353 1129 2436 (κυ-

190 2584 215 2649 1)
234 2581 304 2636 Post
317 2582 445 2652 Leyium,
462 2582 496 2636 de
512 2583 572 2636 cita
589 2583 751 2653 coeptisque
766 2581 898 2651 Menippi
916 2572 1008 2652 cynici
1023 2582 1128 2651 (colon.

115 2662 194 2728 1849)
213 2660 398 2729 Fritzschius,
421 2662 454 2715 de
470 2662 597 2730 scriptor.
615 2662 692 2714 saltn
714 2676 787 2728 spec.
806 2659 917 2716 111.1v.
933 2661 957 2714 V
977 2662 1045 2731 (ind.
1063 2663 1127 2717 leot.
1151 2661 1154 2668 '

112 2740 244 2795 Rootoch.
265 2743 333 2794 Iseo
354 2742 383 2794 et
400 2741 446 2808 66)
464 2739 589 2810 Menippi
613 2740 701 2795 vitam
725 2743 755 2795 ot
771 2739 906 2809 reliquiae
929 2741 1082 2812 explicavit
1100 2743 1129 2795 et

113 2819 237 2885 mosius,
261 2818 377 2874 Varroo.
397 2819 475 2875 sotir.
493 2819 541 2876 rel.
561 2818 668 2894 proleg.
692 2837 719 2888 p.
739 2824 755 2873 8
775 2837 827 2889 sqq
864 2821 899 2874 dc
927 2837 960 2877 eo
988 2818 1146 2888 disseruit,-

111 2919 139 2970 p.
158 2905 211 2954 948
222 2916 261 2968 sq.
281 2899 342 2954 eius
360 2897 493 2968 reliquias
512 2898 638 2970 collegit.

183 2981 211 3050 9)
233 2981 345 3049 praeter
364 2977 549 3035 Friteschium
569 2984 598 3035 et
616 2977 742 3034 Riesium
760 2980 796 3034 ab
815 2979 949 3048 Oehlero‚
964 2979 1067 3050 proteo.
1087 2979 1125 3032 aa

117 3059 198 3115 Varr.
218 3064 268 3115 oct.
282 3079 309 3130 p.
325 3067 359 3115 49
370 3079 439 3131 sqq,
457 3059 584 3116 Heclrero
603 3059 701 3129 philol.
717 3059 744 3114 V
755 3078 783 3131 p.
799 3065 860 3130 434,
879 3060 1007 3130 Roepero
1025 3054 1125 3127 philol.

111 3141 204 3196 XVIII
220 3157 247 3210 p.
268 3146 330 3208 490,
348 3139 515 3208 Babusohiq
542 3141 574 3195 de
592 3139 675 3211 Diop.
694 3141 763 3208 font.
782 3159 809 3212 p.
829 3147 864 3196 34
876 3135 946 3210 sqq,
964 3135 1126 3194 Niettscliio

111 3239 180 3277 mus.
195 3222 285 3277 Rhcn.
299 3220 392 3275 XXIV
405 3239 432 3290 p.
449 3226 501 3275 193
520 3221 549 3274 et
568 3219 654 3274 Basil.
669 3237 762 3292 progr.
778 3238 802 3278 a
819 3225 889 3276 18⁷0
905 3237 932 3290 p.
942 3223 987 3283 39,
1005 3215 1126 3283 Rohdio,

111 3305 209 3372 griect.
229 3303 340 3358 Roman
357 3321 384 3371 p.
404 3305 456 3356 949
476 3301 548 3369 adn,
566 3299 685 3369 Maesio,
704 3303 737 3356 de
755 3300 895 3371 Mopraph.
915 3297 964 3352 Gr.
982 3313 1009 3365 p.
1032 3301 1073 3349 18.

188 3384 214 3450 3)
234 3382 274 3437 cf.
295 3382 436 3437 Iccobsiuo
454 3381 562 3452 proleg.
582 3379 689 3436 anthol.
708 3381 798 3437 Pelet
817 3383 884 3435 tom.
901 3376 941 3430 VI
961 3396 989 3446 p.
1002 3375 1060 3444 XL,
1080 3379 1128 3445 qni

112 3461 176 3515 aliis
195 3462 282 3516 etiam
301 3463 473 3532 argumentis
492 3462 650 3516 commotus
668 3461 697 3516 in
717 3461 838 3516 aetolom
853 3456 1016 3512 ultimorum
1032 3457 1126 3512 Seleu·

111 3555 206 3597 corum
225 3541 399 3611 Meleagrum
418 3542 536 3598 rettulit.
