2466 3832
464 143 685 208 ,45-

133 308 211 367 Duo
226 307 319 367 etiam
338 307 510 383 spectacula
524 305 712 366 viridissima
725 307 820 383 ipsius
833 308 1083 385 philosophorum

67 405 240 466 certaminis
263 402 403 481 cognosci
426 407 556 480 queunt,
578 408 745 482 nequeunt,
768 404 800 463 id
823 407 904 481 quod
922 407 1080 467 vehemen-

67 503 185 564 tissime
207 501 371 562 dolendum
394 503 453 578 est,
476 501 622 577 pernosci

135 601 271 659 Primum
283 598 465 676 proponitur
477 597 691 659 Arcesilaus
705 617 815 676 parans
828 618 963 676 pugnam
977 604 1082 660 contra

69 698 285 775 adversarium,
309 697 459 756 Zenonem
481 696 514 754 ni
532 696 624 756 fallor
646 688 729 777 (vide
749 714 853 758 comm.
868 696 907 755 ad
920 697 957 755 fr.
971 689 1084 777 XVH),
1179 708 1184 717 “

68 796 205 857 versibus
229 794 347 855 duobus
367 785 418 875 (fr.
435 786 536 875 XVI),
559 794 591 853 in
614 794 725 872 quibus
746 797 931 871 provocatur
953 793 991 853 ad
1009 793 1084 870 Pyr·

69 880 195 954 rhonem
217 896 249 953 et
269 892 438 953 Diodorum
461 891 571 969 quibus
594 891 647 951 ille
670 911 793 969 prorsus
816 891 960 969 indigeat.
992 894 1085 967 atque

69 991 199 1050 similem
226 990 407 1050 sententiam
433 988 534 1066 ipsum
557 989 747 1050 Arcesilaum
775 991 966 1067 eloquentem
991 988 1085 1065 paulo

69 1091 140 1164 post
157 1086 232 1146 facit
251 1087 359 1147 Tim0n
379 1077 540 1168 (διαλιπὼν
557 1079 650 1147 αὐτὸν
666 1090 750 1148 ποιεῖ
768 1083 903 1166 λέγοντας
921 1086 958 1145 fr.
970 1077 1086 1166 XVII);

71 1184 261 1245 adversarius
284 1188 387 1245 autem
409 1184 438 1244 ei
460 1183 622 1264 opprobrio
644 1184 751 1262 vertit,
768 1183 861 1261 'quod
887 1182 1086 1261 vituperatio·

70 1282 160 1342 nibus
175 1300 293 1359 semper
305 1282 473 1342 immisceat
486 1283 568 1343 iocos
582 1283 632 1342 vel
644 1283 780 1360 poeticos
794 1282 882 1342 fiores
894 1272 945 1362 (fr.
954 1273 1086 1362 XVIH);

25 1372 28 1377 ’
69 1383 224 1456 postremo
247 1379 421 1438 Arcesilaus
449 1380 585 1440 oratIone
611 1378 718 1438 habita
744 1397 809 1438 sese
837 1378 930 1438 infert
956 1377 1087 1437 mediam

71 1476 105 1535 in
126 1474 249 1534 turbam
272 1493 349 1551 quae
373 1494 443 1534 eum
464 1493 647 1553 magnopere
673 1475 842 1536 admiratur
869 1468 920 1556 (fr.
943 1466 1086 1554 xvssss).

139 1571 247 1630 Altera
268 1571 464 1648 vegetissima
485 1571 586 1650 imago
605 1570 692 1630 nobis
711 1573 799 1649 quasi
816 1577 888 1632 ante
909 1573 1012 1633 oculos
1034 1589 1087 1648 po·

71 1669 157 1728 nitur
167 1667 320 1727 Zenonis
334 1668 459 1745 eiusque
468 1668 606 1745 agminis,
630 1668 731 1729 Zenon
741 1670 821 1729 enim
835 1670 954 1749 colligit
966 1668 1088 1728 turbam

73 1765 280 1825 mendicorum
312 1756 362 1846 (fr.
386 1758 457 1847 XX)
489 1783 616 1842 eamque
648 1764 736 1825 docet
766 1767 927 1827 lenticulas
959 1783 1088 1850 coquere

75 1853 127 1943 (fr.
143 1854 242 1942 XXI),
267 1881 327 1939 qua
349 1882 382 1922 re
405 1862 581 1939 superbiens
604 1862 755 1940 gloriatur
775 1883 856 1923 unns
880 1884 916 1924 ex
938 1884 973 1925 eo
996 1884 1088 1945 grege

75 1951 127 2041 (fr.
150 1952 266 2041 XXH);
294 1959 347 2018 sed
374 1960 406 2017 in
432 1978 536 2038 pugna
558 1959 704 2019 acerrima
731 1961 810 2020 alter
832 1961 886 2039 qui
909 1962 1035 2022 divitem
1057 1982 1088 2023 se

76 2057 189 2123 Zenoni
216 2057 331 2117 dedidit
357 2057 419 2116 iam
445 2057 482 2118 de
509 2057 593 2117 felici
619 2059 791 2118 certaminis
817 2061 928 2118 eventu
951 2059 1090 2135 desperat

75 2157 106 2214 et
134 2154 324 2214 acerbissime
355 2155 461 2216 irridet
490 2156 560 2215 illos
587 2149 734 2234 πτωχούς,
765 2173 896 2232 namque
929 2173 992 2216 sese
1024 2174 1089 2215 esse

74 2243 192 2329 πτωχόν
219 2253 300 2329 quod
325 2253 364 2312 ad
385 2256 518 2312 mentem
545 2253 676 2313 attineat
698 2255 802 2330 itaque
826 2252 952 2313 exitium
975 2253 1089 2314 evitare

75 2367 136 2407 non
149 2367 237 2424 posse
252 2341 303 2430 (fr.
313 2343 439 2432 XXIII).
467 2351 538 2411 huic
551 2351 648 2428 igitur
666 2352 831 2412 stoicorum
846 2370 967 2430 pugnae
981 2352 1089 2429 proba·

74 2443 178 2505 biliter
199 2447 353 2506 tribuendi
376 2452 448 2508 sunt
470 2449 517 2507 illi
541 2467 784 2526 quoqueversus
804 2448 1089 2528 quibusOleanthes

76 2542 256 2604 describitur
268 2564 324 2621 per
336 2546 451 2606 medios
461 2546 595 2607 virorum
606 2546 725 2607 ordines
738 2547 879 2607 incedens
890 2539 940 2629 (fr.
948 2538 1090 2627 XXIIII)

143 2642 236 2702 Porro
267 2644 307 2703 ad
332 2644 581 2722 philosophorum
608 2645 787 2725 λογομαχίαν
816 2646 914 2706 refero
946 2645 1090 2723 reliquias

75 2740 253 2817 nonnullas,
290 2741 401 2818 quibus
439 2742 604 2804 adversarii
636 2744 853 2804 contumeliose
885 2745 1091 2822 appellantur:

76 2835 276 2914 fr.XXuno
286 2838 485 2916 philosophus
494 2841 610 2917 petitur
619 2841 743 2918 q'uidam
753 2843 807 2919 qui
816 2842 1091 2919 comparationibus

78 2937 109 2994 et
131 2934 314 3014 imaginibus
338 2936 386 2994 uti
408 2937 517 2998 solitus
540 2938 589 3015 sit,
611 2938 648 2996 fr.
662 2939 763 2998 XXVI
786 2959 845 3016 quo
869 2941 988 3018 Platon,
1011 2938 1093 3018 quod

76 3033 202 3111 inpenso
239 3034 337 3110 pretio
376 3034 488 3094 librum
520 3034 741 3112 Pythagoricae
778 3037 954 3114 disciplinae
986 3037 1093 3097 emerit

49 3120 174 3209 ¹exque
197 3151 232 3191 eo
257 3131 414 3191 Timaeum
436 3132 642 3192 concinaverit
668 3124 747 3214 (sive
770 3137 807 3193 ut
830 3135 954 3195 Taetzae
976 3133 1094 3210 placuit

79 3227 244 3311 Sophronis
265 3229 365 3288 mimis
384 3228 508 3288 edoctus
528 3229 568 3288 sit
587 3228 724 3307 dialogos
743 3229 886 3290 scribere:
907 3232 943 3289 fr.
955 3222 1093 3306 XXVP),

77 3326 114 3385 fr.
131 3326 248 3386 XXVII
271 3317 435 3408 (siquidem
454 3325 587 3385 Timonis
610 3318 671 3408 est)
695 3346 755 3404 quo
773 3327 968 3404 Asclepiades
991 3327 1092 3386 Phlia-

80 3423 157 3501 sius3
181 3423 251 3484 dein
268 3425 304 3482 fr.
319 3424 451 3484 XXVIII
473 3442 533 3500 quo
552 3423 745 3484 Menedemus
766 3428 909 3485 narratur
926 3424 1092 3485 orationem

77 3519 221 3582 habuisse
240 3525 271 3583 et
294 3522 330 3582 fr.
344 3521 492 3581 XXVIIII
510 3540 570 3599 quo
589 3520 765 3583 Heraclitus
780 3526 822 3584 ut
836 3521 928 3583 idem
942 3520 1122 3579 oonsmsm
1204 3542 1221 3653 p
