2466 3832
519 212 561 222 -
609 177 674 241 140
719 213 761 224 -
844 276 848 283 .
1020 201 1149 244 morus

132 334 183 423 (fr.
197 331 332 422 XXXX)
365 341 426 398 iam
444 341 627 400 Laurentius
649 347 720 418 post
743 343 804 402 alia
827 361 904 419 quae
928 341 963 400 de
987 343 1149 419 proverbio

131 432 218 497 τούπὶ
241 441 275 520 τῇ
299 440 381 519 φακῇ
403 432 499 516 μύρον
527 440 666 516 exposuit
693 441 724 497 in
748 439 916 517 Cynulcum
945 458 976 498 se
1000 441 1152 500 convertit

133 535 177 595 eis
190 536 289 596 verbis
304 554 427 596 exorsus
442 554 518 613 quae
535 537 755 613 suprascripsi.
778 539 880 616 pergit
894 538 1000 597 deinde
1010 537 1150 616 Magnus,

134 634 212 692 alius
236 634 360 710 quidam
378 633 518 711 conviva,
541 634 598 693 ita:
622 626 638 694 ὁ
657 629 711 711 μὲν
731 627 818 693 πάντ’
844 629 960 712 ἄριστος
977 629 1173 713 Λαρήνσιος-

133 725 240 803 ὀξέως
271 727 330 790 καὶ
361 733 477 802 καλῶς
504 724 684 808 ἀπήντησε
711 734 755 815 τῷ
781 726 946 812 γάστριδι
973 729 1058 791 κυνὶ
1086 729 1152 809 περὶ

132 831 185 888 τοῦ
216 822 334 908 κόγχον.
380 821 459 887 ἰαᾶο
482 827 614 888 efficitur
643 829 822 888 Larensium
854 829 1019 908 castigasse
1052 830 1151 907 cynici

135 926 315 985 edacitatem
347 915 508 1006 (γάστριδι)
542 929 574 985 et
605 927 808 1004 ignorantiam
841 918 911 1007 (οὐκ
945 920 1149 1008 ἐπιστάμενος)

134 1023 242 1098 acerba
270 1023 402 1099 quadam
430 1023 567 1082 irrisione
596 1043 631 1082 ex
654 1024 781 1084 Timone
807 1025 918 1101 petita,
950 1043 984 1083 ex
1009 1043 1070 1101 qua
1093 1023 1150 1101 Gy·

134 1121 242 1178 uulcus
265 1119 392 1197 fingitur
415 1121 476 1178 alio
500 1121 631 1197 quodam
653 1122 774 1180 nomine
793 1122 830 1179 ab
849 1122 938 1181 initio
958 1126 1151 1198 nuncupatus

135 1235 207 1276 esse.
248 1218 328 1294 quod
350 1236 411 1276 non
434 1218 529 1295 ipsius
553 1217 681 1294 Cynulci
703 1238 811 1278 nomen
833 1219 992 1296 proprium
1016 1219 1149 1279 Theodo-

134 1333 203 1373 rum
234 1306 285 1395 (cf.
309 1315 365 1374 XV
387 1336 416 1392 p.
442 1317 531 1392 669⁶,
557 1308 651 1396 692b)
670 1334 765 1393 iesse,
798 1317 849 1375 sed
881 1317 967 1375 aliud
999 1318 1151 1394 quoddam

135 1412 311 1472 ioculariter
337 1414 530 1491 suppositum
556 1433 612 1489 per
634 1433 665 1473 se
688 1418 787 1493 patet,
816 1416 869 1474 sed
890 1414 923 1473 id
946 1416 1036 1492 quale
1059 1415 1152 1474 fuerit
1200 1436 1207 1449 ·

136 1511 241 1570 statim
264 1512 435 1590 apparebit,
459 1512 485 1570 si
503 1511 698 1571 Homericum
720 1514 821 1571 locum
845 1512 993 1571 deflexum
1015 1513 1155 1589 inspexe-

135 1607 185 1667 ris.
233 1626 329 1669 sermo
362 1610 442 1668 enim
475 1613 521 1668 est
550 1610 582 1667 in
614 1610 675 1669 illis
703 1609 840 1671 versibus
869 1610 905 1669 de
933 1610 982 1669 Iro
1015 1610 1151 1669 mendico

135 1704 406 1782 impudentissimo,
426 1707 479 1783 qui
498 1700 568 1784 μετὰ
588 1701 616 1766 δ’
638 1705 744 1785 ἔπρεπε
761 1703 903 1786 γαστέρι
922 1701 1037 1788 μάργγ
1058 1702 1062 1786 l
1083 1700 1151 1784 άζογ-

136 1797 183 1877 χὲς
198 1799 329 1881 φαγέμεν
343 1800 392 1861 καὶ
406 1800 509 1880 πιέμεν
524 1796 557 1884 (o
572 1807 599 1862 2.
617 1796 660 1885 3),
680 1804 734 1880 qui
752 1797 830 1874 εἶδος
846 1799 878 1863 δέ
893 1797 970 1882 μάλα
988 1801 1096 1884 μέγας
1112 1792 1153 1881 ἦν

136 1890 285 1977 ὁράασθαι
304 1890 365 1980 (4),
389 1901 439 1959 cui
461 1903 560 1959 mater
576 1919 686 1959 nomen
700 1895 838 1978 Ἀρναῖος
857 1901 988 1960 dederat.
1017 1894 1152 1978 Ἀρναῖος

136 1996 232 2073 igitur
246 1997 324 2056 alter
343 1999 464 2075 qualem
483 1998 619 2074 depinxit
635 1998 839 2075 sillographos
854 1999 975 2058 videtur
987 1999 1152 2058 Laurentio

138 2093 304 2172 Oyuulcus3
337 2095 423 2155 cuius
455 2096 660 2173 ignorantiam
692 2096 841 2173 quomodo
870 2097 961 2154 simul
987 2096 1153 2174 pupugerit

136 2192 258 2271 latebit,
286 2193 346 2252 nisi
373 2194 517 2253 statueris
537 2187 673 2272 Ἀρναῖος
695 2212 816 2270 nomeu,
848 2194 930 2270 quod
957 2194 1006 2253 vel
1034 2193 1153 2270 antiqui

137 2291 328 2367 grammatici
343 2283 388 2371 (iu
404 2292 495 2351 schol.
506 2290 612 2368 Odyss.
627 2292 646 2350 l.
662 2309 684 2350 s.
700 2294 730 2350 et
743 2291 844 2368 Etym.
854 2291 955 2368 Magn.
969 2312 998 2368 p.
1011 2293 1083 2368 144,
1097 2282 1153 2369 17)

138 2388 314 2449 derivarunt
342 2383 401 2448 άπὸ
431 2392 490 2451 τῶν
516 2383 632 2467 ἀρνῶν,
660 2382 699 2447 ἵν’
729 2377 749 2468 ᾗ
772 2381 927 2466 βληχάδης
953 2385 1004 2447 καὶ
1026 2381 1153 2465 ἠλίθιος,

138 2485 294 2545 Timonem
318 2490 373 2546 aut
395 2486 536 2545 similiter
557 2487 707 2563 accepisse
727 2489 758 2544 et
777 2486 916 2562 apposito
937 2485 1068 2563 quodam
1091 2485 1154 2562 epi·

137 2582 221 2642 theto
254 2584 427 2642 accuratius
461 2584 636 2659 explanasse
670 2587 724 2641 aut
751 2582 783 2639 in
810 2575 927 2660 άρνειός
955 2574 988 2664 (i.
1013 2601 1037 2642 e.
1062 2574 1154 2663 ories)

138 2678 299 2738 deflexisse.
346 2681 389 2738 sic
418 2681 541 2738 tandem
572 2680 604 2738 id
636 2697 758 2756 quoque
788 2679 960 2758 intelleges,
993 2681 1068 2756 quid
1096 2679 1153 2739 sibi

138 2775 234 2834 velint
264 2777 357 2835 verba
389 2775 551 2836 Homerica
583 2768 672 2847 καλός
701 2796 731 2835 τε
758 2773 847 2854 μέγας
873 2798 902 2836 τε
934 2780 1082 2853 usurpata
1115 2777 1154 2835 ad

137 2873 306 2932 notandum
328 2874 454 2932 arietem
472 2873 504 2930 in
523 2891 578 2934 suo
598 2891 706 2951 genere
729 2873 898 2949 perfectum
920 2878 951 2933 et
969 2874 1152 2951 absolutum,

138 2971 224 3029 velut
254 2971 331 3030 dixit
354 2970 492 3048 Sophron
521 2962 572 3052 (fr.
597 2974 637 3030 96
662 2963 750 3051 Ahr.)
780 2966 933 3050 προβάτου
960 2965 1155 3051 προβάτερον,

139 3061 201 3139 tlte
224 3062 355 3149 ὀϊότερον
382 3063 446 3151 (vel
469 3073 505 3128 ut
528 3067 631 3128 Cicero
656 3064 848 3147 ‘germanum
872 3064 1006 3129 asinum'
1035 3070 1154 3146 seipse

138 3159 288 3249 vocarit);
317 3169 433 3227 accedit
455 3185 527 3227 sane
550 3167 632 3244 quod
654 3171 686 3226 et
707 3168 773 3244 ipse
796 3168 934 3226 Amaeus
956 3185 1067 3245 magno
1091 3184 1154 3226 cor-

138 3282 211 3339 pore
233 3266 327 3324 fuisse
350 3264 389 3323 ab
403 3265 535 3324 Homero
558 3264 742 3340 perhibetur.
775 3264 849 3324 haec
869 3265 969 3324 omnia
986 3264 1062 3322 mihi
1080 3263 1154 3323 satis

139 3365 222 3419 certa
235 3363 386 3422 videntur.
420 3363 606 3424 dubitaveris
625 3366 735 3440 tamen,
755 3363 904 3440 quomodo
922 3361 1004 3437 ipsos
1019 3361 1155 3421 Timonis

139 3473 244 3515 versus
273 3463 303 3516 et
325 3457 475 3518 Athenaei
502 3458 595 3519 verba
621 3461 780 3537 restituas3
809 3458 976 3535 compluria
1003 3459 1084 3518 euim
1108 3477 1156 3516 ex-

138 3552 270 3628 cogitari
290 3558 428 3630 possunt.
466 3557 594 3632 exempli
617 3557 714 3617 instar
735 3556 797 3615 lusi
820 3556 906 3614 haec:
