<?xml version="1.0" encoding="UTF-8"?>
<!DOCTYPE html PUBLIC "-//W3C//DTD XHTML 1.0 Transitional//EN"
    "http://www.w3.org/TR/xhtml1/DTD/xhtml1-transitional.dtd">
<html xmlns="http://www.w3.org/1999/xhtml" xml:lang="en" lang="en">
 <head>
  <title>
</title>
<meta http-equiv="Content-Type" content="text/html;charset=utf-8" />
  <meta name='ocr-system' content='tesseract 3.04.00' />
  <meta name='ocr-capabilities' content='ocr_page ocr_carea ocr_par ocr_line ocrx_word'/>
</head>
<body>
  <div class='ocr_page' id='page_1' title='image "./sillographorvmg00timogoog_0183.png"; bbox 0 0 2466 3832; ppageno 0'>
   <div class='ocr_carea' id='block_1_1' title="bbox 485 151 1125 220">
    <p class='ocr_par' dir='ltr' id='par_1_1' title="bbox 485 151 1125 220">
     <span class='ocr_line' id='line_1_1' title="bbox 485 151 1125 220; baseline 0.009 -6"><span class='ocrx_word' id='word_1_1' title='bbox 485 188 529 196; x_wconf 95' lang='lat'><em>-</em></span> <span class='ocrx_word' id='word_1_2' title='bbox 576 151 639 216; x_wconf 74' lang='lat'><strong>178</strong></span> <span class='ocrx_word' id='word_1_3' title='bbox 685 187 729 196; x_wconf 93' lang='lat'><em>-</em></span> <span class='ocrx_word' id='word_1_4' title='bbox 991 176 1125 220; x_wconf 73' lang='lat' dir='ltr'><strong>rimosus</strong></span> 
     </span>
    </p>
   </div>
   <div class='ocr_carea' id='block_1_2' title="bbox 102 309 1125 788">
    <p class='ocr_par' dir='ltr' id='par_1_2' title="bbox 102 309 1125 788">
     <span class='ocr_line' id='line_1_2' title="bbox 102 309 1125 398; baseline 0.001 -20"><span class='ocrx_word' id='word_1_5' title='bbox 102 318 147 378; x_wconf 90' lang='lat' dir='ltr'><strong>IV</strong></span> <span class='ocrx_word' id='word_1_6' title='bbox 172 309 237 398; x_wconf 81' lang='lat'>13).</span> <span class='ocrx_word' id='word_1_7' title='bbox 279 316 390 375; x_wconf 80' lang='lat' dir='ltr'><strong>similia</strong></span> <span class='ocrx_word' id='word_1_8' title='bbox 413 315 569 376; x_wconf 86' lang='lat' dir='ltr'><strong>sanciam</strong></span> <span class='ocrx_word' id='word_1_9' title='bbox 591 315 777 375; x_wconf 79' lang='lat' dir='ltr'><strong>Timocrates</strong></span> <span class='ocrx_word' id='word_1_10' title='bbox 800 318 942 390; x_wconf 88' lang='lat' dir='ltr'><strong>apostata</strong></span> <span class='ocrx_word' id='word_1_11' title='bbox 967 319 1125 396; x_wconf 81' lang='lat' dir='ltr'><strong>excogita-</strong></span> 
     </span>
     <span class='ocr_line' id='line_1_3' title="bbox 103 412 1125 491; baseline 0 -15"><span class='ocrx_word' id='word_1_12' title='bbox 103 416 190 477; x_wconf 83' lang='lat' dir='ltr'><strong>verat</strong></span> <span class='ocrx_word' id='word_1_13' title='bbox 220 413 274 491; x_wconf 90' lang='lat' dir='ltr'><strong>qui</strong></span> <span class='ocrx_word' id='word_1_14' title='bbox 301 432 456 490; x_wconf 88' lang='lat' dir='ltr'><strong>eousque</strong></span> <span class='ocrx_word' id='word_1_15' title='bbox 484 412 690 490; x_wconf 89' lang='lat' dir='ltr'><strong>impudentiae</strong></span> <span class='ocrx_word' id='word_1_16' title='bbox 716 416 904 490; x_wconf 76' lang='lat' dir='ltr'>processerat</span> <span class='ocrx_word' id='word_1_17' title='bbox 931 417 969 473; x_wconf 91' lang='lat' dir='ltr'><strong>ut</strong></span> <span class='ocrx_word' id='word_1_18' title='bbox 998 419 1125 476; x_wconf 89' lang='lat' dir='ltr'><strong>conten-</strong></span> 
     </span>
     <span class='ocr_line' id='line_1_4' title="bbox 104 501 1124 594; baseline 0.001 -22"><span class='ocrx_word' id='word_1_19' title='bbox 104 512 190 572; x_wconf 86' lang='lat' dir='ltr'><strong>deret</strong></span> <span class='ocrx_word' id='word_1_20' title='bbox 212 505 304 572; x_wconf 80' lang='grc' dir='ltr'><strong><em>αὐτὸν</em></strong></span> <span class='ocrx_word' id='word_1_21' title='bbox 328 508 374 584; x_wconf 75' lang='grc' dir='ltr'><strong>δὶς</strong></span> <span class='ocrx_word' id='word_1_22' title='bbox 391 513 443 588; x_wconf 77' lang='grc' dir='ltr'><strong>τῆς</strong></span> <span class='ocrx_word' id='word_1_23' title='bbox 461 503 571 589; x_wconf 80' lang='grc' dir='ltr'><strong><em>ἡμέρας</em></strong></span> <span class='ocrx_word' id='word_1_24' title='bbox 589 509 669 589; x_wconf 82' lang='grc' dir='ltr'><strong><em>έμεῖν</em></strong></span> <span class='ocrx_word' id='word_1_25' title='bbox 687 503 746 571; x_wconf 85' lang='grc' dir='ltr'><strong><em>ἆπὸ</em></strong></span> <span class='ocrx_word' id='word_1_26' title='bbox 765 512 880 587; x_wconf 80' lang='grc' dir='ltr'><strong><em>τρυφῆς</em></strong></span> <span class='ocrx_word' id='word_1_27' title='bbox 899 501 1018 591; x_wconf 85' lang='lat' dir='ltr'><strong>(Laert.</strong></span> <span class='ocrx_word' id='word_1_28' title='bbox 1034 513 1066 572; x_wconf 88' lang='lat' dir='ltr'>X</span> <span class='ocrx_word' id='word_1_29' title='bbox 1081 505 1124 594; x_wconf 81' lang='lat'><strong>6),</strong></span> 
     </span>
     <span class='ocr_line' id='line_1_5' title="bbox 105 601 1125 692; baseline 0.002 -24"><span class='ocrx_word' id='word_1_30' title='bbox 105 628 196 686; x_wconf 90' lang='lat' dir='ltr'><strong>quem</strong></span> <span class='ocrx_word' id='word_1_31' title='bbox 218 608 316 668; x_wconf 90' lang='lat' dir='ltr'><strong>secuti</strong></span> <span class='ocrx_word' id='word_1_32' title='bbox 338 611 411 667; x_wconf 88' lang='lat' dir='ltr'><strong>sunt</strong></span> <span class='ocrx_word' id='word_1_33' title='bbox 432 609 536 686; x_wconf 88' lang='lat' dir='ltr'><strong>multi,</strong></span> <span class='ocrx_word' id='word_1_34' title='bbox 559 609 640 668; x_wconf 91' lang='lat' dir='ltr'><strong>inter</strong></span> <span class='ocrx_word' id='word_1_35' title='bbox 658 626 708 668; x_wconf 91' lang='lat' dir='ltr'><strong>eos</strong></span> <span class='ocrx_word' id='word_1_36' title='bbox 725 607 901 668; x_wconf 77' lang='lat' dir='ltr'><strong>Athenaeus</strong></span> <span class='ocrx_word' id='word_1_37' title='bbox 920 608 940 666; x_wconf 89' lang='lat' dir='ltr'><strong>l.</strong></span> <span class='ocrx_word' id='word_1_38' title='bbox 960 625 983 667; x_wconf 91' lang='lat' dir='ltr'><strong>s.</strong></span> <span class='ocrx_word' id='word_1_39' title='bbox 1003 627 1028 668; x_wconf 87' lang='lat' dir='ltr'><strong>s.</strong></span> <span class='ocrx_word' id='word_1_40' title='bbox 1050 601 1125 692; x_wconf 87' lang='lat' dir='ltr'><strong>(VII</strong></span> 
     </span>
     <span class='ocr_line' id='line_1_6' title="bbox 103 699 255 788; baseline -0.013 -22"><span class='ocrx_word' id='word_1_41' title='bbox 103 727 132 783; x_wconf 79' lang='lat' dir='ltr'><strong>p.</strong></span> <span class='ocrx_word' id='word_1_42' title='bbox 153 699 255 788; x_wconf 75' lang='grc' dir='ltr'><strong><em>νου).</em></strong></span> 
     </span>
    </p>
   </div>
   <div class='ocr_carea' id='block_1_3' title="bbox 64 935 1012 1152">
    <p class='ocr_par' dir='ltr' id='par_1_3' title="bbox 64 935 1012 1152">
     <span class='ocr_line' id='line_1_7' title="bbox 566 935 652 993; baseline 0 0"><span class='ocrx_word' id='word_1_43' title='bbox 566 935 652 993; x_wconf 83' lang='lat' dir='ltr'>LVII</span> 
     </span>
     <span class='ocr_line' id='line_1_8' title="bbox 64 1048 1012 1152; baseline -0.001 -32"><span class='ocrx_word' id='word_1_44' title='bbox 64 1145 68 1152; x_wconf 24' lang='lat'><em>·</em></span> <span class='ocrx_word' id='word_1_45' title='bbox 148 1054 281 1120; x_wconf 78' lang='grc' dir='ltr'><strong><em>πολλῶν</em></strong></span> <span class='ocrx_word' id='word_1_46' title='bbox 305 1049 520 1118; x_wconf 78' lang='grc' dir='ltr'><strong><em>λοισιιεᾶόνοιν</em></strong></span> <span class='ocrx_word' id='word_1_47' title='bbox 544 1048 765 1139; x_wconf 77' lang='grc' dir='ltr'><strong><em>λυμάυιοοες,</em></strong></span> <span class='ocrx_word' id='word_1_48' title='bbox 789 1051 1012 1119; x_wconf 81' lang='grc' dir='ltr'><strong><em>έλπιὸολσιτοιί</em></strong></span> 
     </span>
    </p>
   </div>
   <div class='ocr_carea' id='block_1_4' title="bbox 78 1213 1128 1784">
    <p class='ocr_par' dir='ltr' id='par_1_4' title="bbox 78 1213 1128 1784">
     <span class='ocr_line' id='line_1_9' title="bbox 78 1213 1125 1298; baseline 0.002 -20"><span class='ocrx_word' id='word_1_49' title='bbox 78 1268 91 1289; x_wconf 85' lang='grc'><em>,</em></span> <span class='ocrx_word' id='word_1_50' title='bbox 172 1235 259 1278; x_wconf 79' lang='lat' dir='ltr'><strong>nasu</strong></span> <span class='ocrx_word' id='word_1_51' title='bbox 297 1214 428 1277; x_wconf 79' lang='lat' dir='ltr'><strong>Sextus</strong></span> <span class='ocrx_word' id='word_1_52' title='bbox 451 1217 583 1295; x_wconf 82' lang='lat' dir='ltr'><strong>Empir.</strong></span> <span class='ocrx_word' id='word_1_53' title='bbox 603 1218 669 1280; x_wconf 78' lang='lat' dir='ltr'><strong>adu.</strong></span> <span class='ocrx_word' id='word_1_54' title='bbox 690 1218 788 1297; x_wconf 87' lang='lat' dir='ltr'>dogm.</span> <span class='ocrx_word' id='word_1_55' title='bbox 807 1218 836 1275; x_wconf 91' lang='lat' dir='ltr'><strong>V</strong></span> <span class='ocrx_word' id='word_1_56' title='bbox 858 1222 917 1279; x_wconf 83' lang='grc'><strong>171</strong></span> <span class='ocrx_word' id='word_1_57' title='bbox 943 1217 978 1278; x_wconf 84' lang='grc' dir='ltr'><strong><em>αλ</em></strong></span> <span class='ocrx_word' id='word_1_58' title='bbox 999 1213 1040 1298; x_wconf 79' lang='grc' dir='ltr'><strong>δὴ</strong></span> <span class='ocrx_word' id='word_1_59' title='bbox 1068 1241 1125 1282; x_wconf 81' lang='grc' dir='ltr'><strong><em>τοι·</em></strong></span> 
     </span>
     <span class='ocr_line' id='line_1_10' title="bbox 105 1305 1128 1396; baseline 0.001 -20"><span class='ocrx_word' id='word_1_60' title='bbox 105 1317 191 1376; x_wconf 78' lang='grc' dir='ltr'><strong><em>αὗται</em></strong></span> <span class='ocrx_word' id='word_1_61' title='bbox 221 1308 395 1394; x_wconf 79' lang='grc' dir='ltr'><strong><em>ὑποσχέσεις</em></strong></span> <span class='ocrx_word' id='word_1_62' title='bbox 426 1305 606 1396; x_wconf 87' lang='lat' dir='ltr'><strong>(stoicorum</strong></span> <span class='ocrx_word' id='word_1_63' title='bbox 633 1317 740 1392; x_wconf 89' lang='lat' dir='ltr'><strong>quales</strong></span> <span class='ocrx_word' id='word_1_64' title='bbox 768 1318 856 1376; x_wconf 63' lang='lat' dir='ltr'><strong>sunt⁴</strong></span> <span class='ocrx_word' id='word_1_65' title='bbox 868 1309 959 1393; x_wconf 82' lang='grc' dir='ltr'><strong><em>μόνος</em></strong></span> <span class='ocrx_word' id='word_1_66' title='bbox 988 1309 1004 1377; x_wconf 98' lang='lat'>5</span> <span class='ocrx_word' id='word_1_67' title='bbox 1030 1311 1128 1395; x_wconf 84' lang='grc' dir='ltr'><strong><em>σοφός</em></strong></span> 
     </span>
     <span class='ocr_line' id='line_1_11' title="bbox 105 1405 1128 1494; baseline 0 -20"><span class='ocrx_word' id='word_1_68' title='bbox 105 1412 165 1474; x_wconf 83' lang='grc' dir='ltr'><strong><em>έσιι</em></strong></span> <span class='ocrx_word' id='word_1_69' title='bbox 190 1407 346 1489; x_wconf 78' lang='grc' dir='ltr'><strong><em>πλούσιος,</em></strong></span> <span class='ocrx_word' id='word_1_70' title='bbox 374 1406 466 1490; x_wconf 82' lang='grc' dir='ltr'><strong><em>μόνος</em></strong></span> <span class='ocrx_word' id='word_1_71' title='bbox 495 1405 511 1473; x_wconf 97' lang='lat'>5</span> <span class='ocrx_word' id='word_1_72' title='bbox 535 1407 629 1489; x_wconf 87' lang='grc' dir='ltr'><strong><em>σοφός</em></strong></span> <span class='ocrx_word' id='word_1_73' title='bbox 659 1409 717 1472; x_wconf 78' lang='grc' dir='ltr'><strong><em>ἐστι</em></strong></span> <span class='ocrx_word' id='word_1_74' title='bbox 744 1406 847 1494; x_wconf 79' lang='grc' dir='ltr'><strong><em>καλός)</em></strong></span> <span class='ocrx_word' id='word_1_75' title='bbox 873 1407 1044 1491; x_wconf 76' lang='grc' dir='ltr'><strong><em>θηρεύουσι</em></strong></span> <span class='ocrx_word' id='word_1_76' title='bbox 1073 1412 1128 1492; x_wconf 78' lang='grc' dir='ltr'><strong><em>μέν</em></strong></span> 
     </span>
     <span class='ocr_line' id='line_1_12' title="bbox 105 1503 1127 1590; baseline 0.002 -20"><span class='ocrx_word' id='word_1_77' title='bbox 105 1504 175 1584; x_wconf 75' lang='grc' dir='ltr'><strong><em>τοὺς</em></strong></span> <span class='ocrx_word' id='word_1_78' title='bbox 197 1508 285 1583; x_wconf 81' lang='grc' dir='ltr'><strong><em>νέους</em></strong></span> <span class='ocrx_word' id='word_1_79' title='bbox 308 1508 403 1570; x_wconf 80' lang='grc' dir='ltr'><strong><em>ἐλπίσι</em></strong></span> <span class='ocrx_word' id='word_1_80' title='bbox 424 1515 569 1589; x_wconf 78' lang='grc' dir='ltr'><strong><em>ψυχραῖς,</em></strong></span> <span class='ocrx_word' id='word_1_81' title='bbox 593 1503 691 1572; x_wconf 77' lang='grc' dir='ltr'><strong><em>οὐκέτι</em></strong></span> <span class='ocrx_word' id='word_1_82' title='bbox 714 1505 747 1569; x_wconf 80' lang='grc' dir='ltr'><strong>δέ</strong></span> <span class='ocrx_word' id='word_1_83' title='bbox 769 1509 843 1570; x_wconf 82' lang='grc' dir='ltr'><strong><em>εἰσιν</em></strong></span> <span class='ocrx_word' id='word_1_84' title='bbox 866 1503 997 1588; x_wconf 74' lang='grc' dir='ltr'><strong><em>ἀληθεῖς.</em></strong></span> <span class='ocrx_word' id='word_1_85' title='bbox 1046 1506 1127 1590; x_wconf 72' lang='grc' dir='ltr'><strong><em>παρὰ</em></strong></span> 
     </span>
     <span class='ocr_line' id='line_1_13' title="bbox 105 1600 1128 1688; baseline 0.002 -21"><span class='ocrx_word' id='word_1_86' title='bbox 105 1605 156 1667; x_wconf 76' lang='grc' dir='ltr'><strong>καὶ</strong></span> <span class='ocrx_word' id='word_1_87' title='bbox 178 1601 194 1669; x_wconf 94' lang='lat'>5</span> <span class='ocrx_word' id='word_1_88' title='bbox 220 1608 322 1686; x_wconf 81' lang='grc' dir='ltr'><strong><em>Τίμων</em></strong></span> <span class='ocrx_word' id='word_1_89' title='bbox 344 1600 391 1668; x_wconf 83' lang='grc' dir='ltr'><strong>ὁιὲ</strong></span> <span class='ocrx_word' id='word_1_90' title='bbox 413 1603 467 1685; x_wconf 71' lang='grc' dir='ltr'><strong><em>μέν</em></strong></span> <span class='ocrx_word' id='word_1_91' title='bbox 493 1601 563 1679; x_wconf 79' lang='grc' dir='ltr'><strong><em>τοὺς</em></strong></span> <span class='ocrx_word' id='word_1_92' title='bbox 586 1605 854 1688; x_wconf 77' lang='grc' dir='ltr'><strong><em>ἐπαγγελλομένους</em></strong></span> <span class='ocrx_word' id='word_1_93' title='bbox 876 1602 931 1686; x_wconf 78' lang='grc' dir='ltr'><strong><em>τὴν</em></strong></span> <span class='ocrx_word' id='word_1_94' title='bbox 952 1603 1128 1686; x_wconf 78' lang='grc' dir='ltr'><strong><em>παράδοσιν</em></strong></span> 
     </span>
     <span class='ocr_line' id='line_1_14' title="bbox 107 1698 994 1784; baseline 0.001 -19"><span class='ocrx_word' id='word_1_95' title='bbox 107 1699 206 1765; x_wconf 79' lang='grc' dir='ltr'><strong><em>αὐτῶν</em></strong></span> <span class='ocrx_word' id='word_1_96' title='bbox 228 1698 403 1765; x_wconf 73' lang='grc' dir='ltr'><strong><em>ἐπισκώπτει</em></strong></span> <span class='ocrx_word' id='word_1_97' title='bbox 425 1701 530 1784; x_wconf 81' lang='grc' dir='ltr'><strong><em>λέγων·</em></strong></span> <span class='ocrx_word' id='word_1_98' title='bbox 554 1707 692 1766; x_wconf 74' lang='grc' dir='ltr'><strong><em>«πολλῶν</em></strong></span> <span class='ocrx_word' id='word_1_99' title='bbox 714 1737 754 1747; x_wconf 89' lang='grc'>-</span> <span class='ocrx_word' id='word_1_100' title='bbox 774 1702 994 1767; x_wconf 81' lang='grc' dir='ltr'><strong><em>έλπιδολωιοιί».</em></strong></span> 
     </span>
    </p>
   </div>
   <div class='ocr_carea' id='block_1_5' title="bbox 105 1833 1131 2090">
    <p class='ocr_par' dir='ltr' id='par_1_5' title="bbox 105 1833 1131 2090">
     <span class='ocr_line' id='line_1_15' title="bbox 177 1833 1128 1908; baseline 0.008 -17"><span class='ocrx_word' id='word_1_101' title='bbox 177 1833 359 1892; x_wconf 70' lang='lat' dir='ltr'><strong>leocadiam</strong></span> <span class='ocrx_word' id='word_1_102' title='bbox 375 1837 485 1906; x_wconf 84' lang='lat' dir='ltr'><strong>scripsi:</strong></span> <span class='ocrx_word' id='word_1_103' title='bbox 503 1835 667 1893; x_wconf 78' lang='lat' dir='ltr'><strong>lourddoov</strong></span> <span class='ocrx_word' id='word_1_104' title='bbox 687 1838 753 1892; x_wconf 91' lang='lat' dir='ltr'><strong>libri</strong></span> <span class='ocrx_word' id='word_1_105' title='bbox 769 1843 773 1908; x_wconf 78' lang='grc' dir='ltr'>Ι</span> <span class='ocrx_word' id='word_1_106' title='bbox 791 1835 979 1893; x_wconf 78' lang='grc' dir='ltr'><strong><em>έλπιδολωιοιί</em></strong></span> <span class='ocrx_word' id='word_1_107' title='bbox 993 1841 1128 1899; x_wconf 83' lang='lat' dir='ltr'><strong>Meineke</strong></span> 
     </span>
     <span class='ocr_line' id='line_1_16' title="bbox 105 1921 1131 1996; baseline 0.009 -17"><span class='ocrx_word' id='word_1_108' title='bbox 105 1923 205 1996; x_wconf 90' lang='lat' dir='ltr'><strong>philol.</strong></span> <span class='ocrx_word' id='word_1_109' title='bbox 219 1925 272 1979; x_wconf 91' lang='lat' dir='ltr'><strong>XV</strong></span> <span class='ocrx_word' id='word_1_110' title='bbox 291 1943 319 1995; x_wconf 89' lang='lat' dir='ltr'><strong>p.</strong></span> <span class='ocrx_word' id='word_1_111' title='bbox 334 1930 400 1980; x_wconf 80' lang='lat'><strong>334:</strong></span> <span class='ocrx_word' id='word_1_112' title='bbox 419 1921 592 1980; x_wconf 79' lang='grc' dir='ltr'><strong><em>έπιδολωτοιί</em></strong></span> <span class='ocrx_word' id='word_1_113' title='bbox 603 1927 642 1994; x_wconf 77' lang='lat' dir='ltr'><strong>G,</strong></span> <span class='ocrx_word' id='word_1_114' title='bbox 662 1923 828 1983; x_wconf 78' lang='grc' dir='ltr'><strong><em>έπιὸολοιαί</em></strong></span> <span class='ocrx_word' id='word_1_115' title='bbox 844 1927 910 1996; x_wconf 69' lang='grc' dir='ltr'><strong><em>(λΕς</em></strong></span> <span class='ocrx_word' id='word_1_116' title='bbox 930 1927 1131 1988; x_wconf 64' lang='lat' dir='ltr'><strong>sinodalem!</strong></span> 
     </span>
     <span class='ocr_line' id='line_1_17' title="bbox 105 2009 1128 2090; baseline 0.007 -20"><span class='ocrx_word' id='word_1_117' title='bbox 105 2013 264 2082; x_wconf 59' lang='lat' dir='ltr'><strong>Fabricium</strong></span> <span class='ocrx_word' id='word_1_118' title='bbox 279 2009 468 2068; x_wconf 78' lang='grc' dir='ltr'><strong><em>έλπιὸοδῶται</em></strong></span> <span class='ocrx_word' id='word_1_119' title='bbox 481 2014 550 2069; x_wconf 90' lang='lat' dir='ltr'><strong>olim</strong></span> <span class='ocrx_word' id='word_1_120' title='bbox 565 2015 674 2070; x_wconf 89' lang='lat' dir='ltr'><strong>Vsener</strong></span> <span class='ocrx_word' id='word_1_121' title='bbox 687 2016 763 2084; x_wconf 89' lang='lat' dir='ltr'><strong>(coll.</strong></span> <span class='ocrx_word' id='word_1_122' title='bbox 778 2012 968 2084; x_wconf 78' lang='grc' dir='ltr'><strong><em>έλπιδοδῶτην</em></strong></span> <span class='ocrx_word' id='word_1_123' title='bbox 983 2018 1014 2072; x_wconf 93' lang='lat' dir='ltr'><strong>in</strong></span> <span class='ocrx_word' id='word_1_124' title='bbox 1027 2018 1128 2090; x_wconf 83' lang='lat' dir='ltr'><strong>hymn</strong></span> 
     </span>
    </p>
   </div>
   <div class='ocr_carea' id='block_1_6' title="bbox 107 2101 753 2175">
    <p class='ocr_par' dir='ltr' id='par_1_6' title="bbox 107 2101 753 2175">
     <span class='ocr_line' id='line_1_18' title="bbox 107 2101 753 2175; baseline 0 -17"><span class='ocrx_word' id='word_1_125' title='bbox 107 2102 201 2174; x_wconf 87' lang='lat' dir='ltr'><strong>Apoll.</strong></span> <span class='ocrx_word' id='word_1_126' title='bbox 220 2122 245 2158; x_wconf 88' lang='lat' dir='ltr'><strong>v.</strong></span> <span class='ocrx_word' id='word_1_127' title='bbox 266 2108 282 2158; x_wconf 85' lang='grc'><strong>6</strong></span> <span class='ocrx_word' id='word_1_128' title='bbox 301 2120 347 2173; x_wconf 85' lang='lat' dir='ltr'><strong>ap.</strong></span> <span class='ocrx_word' id='word_1_129' title='bbox 367 2101 486 2159; x_wconf 74' lang='lat' dir='ltr'><strong>Brunclu</strong></span> <span class='ocrx_word' id='word_1_130' title='bbox 505 2103 581 2158; x_wconf 89' lang='lat' dir='ltr'><strong>anal.</strong></span> <span class='ocrx_word' id='word_1_131' title='bbox 599 2103 626 2158; x_wconf 94' lang='grc' dir='ltr'>Π</span> <span class='ocrx_word' id='word_1_132' title='bbox 643 2123 671 2175; x_wconf 86' lang='lat' dir='ltr'><strong>p.</strong></span> <span class='ocrx_word' id='word_1_133' title='bbox 690 2108 753 2173; x_wconf 81' lang='lat'>518)</span> 
     </span>
    </p>
   </div>
   <div class='ocr_carea' id='block_1_7' title="bbox 106 2245 1134 3403">
    <p class='ocr_par' dir='ltr' id='par_1_7' title="bbox 106 2245 1134 3403">
     <span class='ocr_line' id='line_1_19' title="bbox 175 2245 1130 2330; baseline 0.006 -16"><span class='ocrx_word' id='word_1_134' title='bbox 175 2273 270 2314; x_wconf 84' lang='lat' dir='ltr'><strong>comm.</strong></span> <span class='ocrx_word' id='word_1_135' title='bbox 294 2245 481 2315; x_wconf 81' lang='grc' dir='ltr'><strong><em>Λακεδόνοιν</em></strong></span> <span class='ocrx_word' id='word_1_136' title='bbox 498 2257 623 2330; x_wconf 88' lang='lat' dir='ltr'><strong>propter</strong></span> <span class='ocrx_word' id='word_1_137' title='bbox 642 2253 775 2314; x_wconf 81' lang='lat' dir='ltr'><strong>doricam</strong></span> <span class='ocrx_word' id='word_1_138' title='bbox 788 2255 917 2315; x_wconf 89' lang='lat' dir='ltr'><strong>formam</strong></span> <span class='ocrx_word' id='word_1_139' title='bbox 930 2255 1130 2320; x_wconf 79' lang='lat' dir='ltr'><strong>intolerabile</strong></span> 
     </span>
     <span class='ocr_line' id='line_1_20' title="bbox 108 2351 1130 2430; baseline 0.007 -19"><span class='ocrx_word' id='word_1_140' title='bbox 108 2370 172 2412; x_wconf 89' lang='lat' dir='ltr'><strong>esse</strong></span> <span class='ocrx_word' id='word_1_141' title='bbox 186 2351 341 2412; x_wconf 82' lang='lat' dir='ltr'><strong>intellexit</strong></span> <span class='ocrx_word' id='word_1_142' title='bbox 353 2351 523 2411; x_wconf 86' lang='lat' dir='ltr'><strong>Meinekius</strong></span> <span class='ocrx_word' id='word_1_143' title='bbox 542 2352 595 2429; x_wconf 88' lang='lat' dir='ltr'><strong>qui</strong></span> <span class='ocrx_word' id='word_1_144' title='bbox 613 2352 785 2429; x_wconf 84' lang='lat' dir='ltr'><strong>graviorem</strong></span> <span class='ocrx_word' id='word_1_145' title='bbox 798 2354 1004 2430; x_wconf 70' lang='lat' dir='ltr'><strong>corruptelam</strong></span> <span class='ocrx_word' id='word_1_146' title='bbox 1018 2356 1130 2419; x_wconf 90' lang='lat' dir='ltr'><strong>odora-</strong></span> 
     </span>
     <span class='ocr_line' id='line_1_21' title="bbox 106 2448 1131 2526; baseline 0.007 -17"><span class='ocrx_word' id='word_1_147' title='bbox 106 2453 157 2509; x_wconf 87' lang='lat' dir='ltr'><strong>tus</strong></span> <span class='ocrx_word' id='word_1_148' title='bbox 181 2451 235 2509; x_wconf 89' lang='lat' dir='ltr'><strong>est.</strong></span> <span class='ocrx_word' id='word_1_149' title='bbox 275 2449 351 2508; x_wconf 88' lang='lat' dir='ltr'><strong>mihi</strong></span> <span class='ocrx_word' id='word_1_150' title='bbox 374 2449 540 2525; x_wconf 86' lang='lat' dir='ltr'><strong>simplicius</strong></span> <span class='ocrx_word' id='word_1_151' title='bbox 564 2452 596 2509; x_wconf 92' lang='lat' dir='ltr'><strong>et</strong></span> <span class='ocrx_word' id='word_1_152' title='bbox 612 2448 801 2526; x_wconf 86' lang='lat' dir='ltr'><strong>probabilius</strong></span> <span class='ocrx_word' id='word_1_153' title='bbox 824 2451 925 2512; x_wconf 81' lang='lat' dir='ltr'><strong>visum</strong></span> <span class='ocrx_word' id='word_1_154' title='bbox 943 2454 990 2512; x_wconf 89' lang='lat' dir='ltr'><strong>est</strong></span> <span class='ocrx_word' id='word_1_155' title='bbox 1013 2454 1131 2515; x_wconf 85' lang='lat' dir='ltr'><strong>substi-</strong></span> 
     </span>
     <span class='ocr_line' id='line_1_22' title="bbox 107 2540 1132 2627; baseline 0.007 -22"><span class='ocrx_word' id='word_1_156' title='bbox 107 2549 194 2606; x_wconf 85' lang='lat' dir='ltr'><strong>tuere</strong></span> <span class='ocrx_word' id='word_1_157' title='bbox 213 2540 413 2623; x_wconf 81' lang='grc' dir='ltr'><strong><em>λοισιιεδόνων,</em></strong></span> <span class='ocrx_word' id='word_1_158' title='bbox 431 2547 513 2624; x_wconf 89' lang='lat' dir='ltr'><strong>quod</strong></span> <span class='ocrx_word' id='word_1_159' title='bbox 531 2564 550 2605; x_wconf 88' lang='lat' dir='ltr'><strong>a</strong></span> <span class='ocrx_word' id='word_1_160' title='bbox 567 2540 665 2606; x_wconf 74' lang='lat' dir='ltr'><strong>icioma</strong></span> <span class='ocrx_word' id='word_1_161' title='bbox 684 2547 729 2606; x_wconf 87' lang='lat' dir='ltr'><strong>ita</strong></span> <span class='ocrx_word' id='word_1_162' title='bbox 748 2547 919 2610; x_wconf 84' lang='lat' dir='ltr'><strong>derivatum</strong></span> <span class='ocrx_word' id='word_1_163' title='bbox 934 2552 971 2609; x_wconf 91' lang='lat' dir='ltr'><strong>ut</strong></span> <span class='ocrx_word' id='word_1_164' title='bbox 985 2546 1132 2627; x_wconf 75' lang='grc' dir='ltr'><strong><em>ληθεδοόν</em></strong></span> 
     </span>
     <span class='ocr_line' id='line_1_23' title="bbox 108 2637 1131 2725; baseline 0.009 -25"><span class='ocrx_word' id='word_1_165' title='bbox 108 2660 126 2700; x_wconf 89' lang='lat' dir='ltr'><strong>a</strong></span> <span class='ocrx_word' id='word_1_166' title='bbox 144 2637 245 2720; x_wconf 78' lang='grc' dir='ltr'><strong><em>λήθω,</em></strong></span> <span class='ocrx_word' id='word_1_167' title='bbox 267 2637 401 2721; x_wconf 75' lang='grc' dir='ltr'><strong><em>τηκεδῶν</em></strong></span> <span class='ocrx_word' id='word_1_168' title='bbox 420 2664 438 2702; x_wconf 93' lang='lat' dir='ltr'><strong>a</strong></span> <span class='ocrx_word' id='word_1_169' title='bbox 456 2639 549 2723; x_wconf 74' lang='grc' dir='ltr'><strong><em>τήνω,</em></strong></span> <span class='ocrx_word' id='word_1_170' title='bbox 572 2637 712 2724; x_wconf 72' lang='grc' dir='ltr'><strong><em>ἀλγηδών</em></strong></span> <span class='ocrx_word' id='word_1_171' title='bbox 731 2644 768 2704; x_wconf 85' lang='lat' dir='ltr'><strong>ab</strong></span> <span class='ocrx_word' id='word_1_172' title='bbox 788 2639 896 2724; x_wconf 78' lang='grc' dir='ltr'><strong><em>ἆλμέω,</em></strong></span> <span class='ocrx_word' id='word_1_173' title='bbox 920 2638 1070 2725; x_wconf 71' lang='grc' dir='ltr'><strong><em>ἀχθηδών</em></strong></span> <span class='ocrx_word' id='word_1_174' title='bbox 1091 2648 1131 2710; x_wconf 81' lang='lat' dir='ltr'><strong>ab</strong></span> 
     </span>
     <span class='ocr_line' id='line_1_24' title="bbox 107 2731 1132 2820; baseline 0.01 -22"><span class='ocrx_word' id='word_1_175' title='bbox 107 2731 222 2816; x_wconf 81' lang='grc' dir='ltr'><strong><em>ἄχθέω,</em></strong></span> <span class='ocrx_word' id='word_1_176' title='bbox 256 2740 318 2799; x_wconf 89' lang='lat' dir='ltr'><strong>alia</strong></span> <span class='ocrx_word' id='word_1_177' title='bbox 349 2740 432 2799; x_wconf 89' lang='lat' dir='ltr'><strong>haud</strong></span> <span class='ocrx_word' id='word_1_178' title='bbox 462 2758 560 2818; x_wconf 89' lang='lat' dir='ltr'><strong>pauca</strong></span> <span class='ocrx_word' id='word_1_179' title='bbox 592 2760 671 2818; x_wconf 91' lang='lat' dir='ltr'><strong>quae</strong></span> <span class='ocrx_word' id='word_1_180' title='bbox 704 2742 856 2820; x_wconf 82' lang='lat' dir='ltr'><strong>congessit</strong></span> <span class='ocrx_word' id='word_1_181' title='bbox 883 2743 1056 2806; x_wconf 84' lang='lat' dir='ltr'><strong>Lobeclrius</strong></span> <span class='ocrx_word' id='word_1_182' title='bbox 1092 2746 1132 2808; x_wconf 91' lang='lat' dir='ltr'><strong>ad</strong></span> 
     </span>
     <span class='ocr_line' id='line_1_25' title="bbox 108 2831 1131 2919; baseline 0.013 -25"><span class='ocrx_word' id='word_1_183' title='bbox 108 2835 290 2895; x_wconf 86' lang='lat' dir='ltr'><strong>Buttmanni</strong></span> <span class='ocrx_word' id='word_1_184' title='bbox 313 2855 437 2914; x_wconf 79' lang='lat' dir='ltr'><strong>gramm.</strong></span> <span class='ocrx_word' id='word_1_185' title='bbox 462 2837 512 2897; x_wconf 82' lang='lat' dir='ltr'><strong>Gr.</strong></span> <span class='ocrx_word' id='word_1_186' title='bbox 536 2839 625 2915; x_wconf 89' lang='lat' dir='ltr'><strong>ampl.</strong></span> <span class='ocrx_word' id='word_1_187' title='bbox 648 2831 697 2897; x_wconf 69' lang='grc' dir='ltr'><strong>Π2</strong></span> <span class='ocrx_word' id='word_1_188' title='bbox 719 2860 748 2916; x_wconf 95' lang='lat' dir='ltr'><strong>p.</strong></span> <span class='ocrx_word' id='word_1_189' title='bbox 771 2843 850 2918; x_wconf 77' lang='lat'><strong>4073</strong></span> <span class='ocrx_word' id='word_1_190' title='bbox 878 2841 1031 2919; x_wconf 85' lang='lat' dir='ltr'><strong>significat</strong></span> <span class='ocrx_word' id='word_1_191' title='bbox 1055 2865 1131 2908; x_wconf 85' lang='lat' dir='ltr'><strong>vero</strong></span> 
     </span>
     <span class='ocr_line' id='line_1_26' title="bbox 108 2933 1132 3025; baseline 0.013 -33"><span class='ocrx_word' id='word_1_192' title='bbox 108 2933 229 3010; x_wconf 89' lang='lat' dir='ltr'><strong>publice</strong></span> <span class='ocrx_word' id='word_1_193' title='bbox 253 2953 272 2994; x_wconf 87' lang='lat' dir='ltr'><strong>a</strong></span> <span class='ocrx_word' id='word_1_194' title='bbox 296 2933 400 2994; x_wconf 88' lang='lat' dir='ltr'><strong>stoicis</strong></span> <span class='ocrx_word' id='word_1_195' title='bbox 426 2937 561 3012; x_wconf 86' lang='lat' dir='ltr'><strong>prolatas</strong></span> <span class='ocrx_word' id='word_1_196' title='bbox 590 2936 824 2998; x_wconf 85' lang='lat' dir='ltr'><strong>declamationes</strong></span> <span class='ocrx_word' id='word_1_197' title='bbox 849 2942 880 2998; x_wconf 95' lang='lat' dir='ltr'><strong>et</strong></span> <span class='ocrx_word' id='word_1_198' title='bbox 901 2939 1132 3025; x_wconf 87' lang='lat' dir='ltr'><strong>promissiones,</strong></span> 
     </span>
     <span class='ocr_line' id='line_1_27' title="bbox 111 3031 1134 3108; baseline 0.015 -18"><span class='ocrx_word' id='word_1_199' title='bbox 111 3031 147 3090; x_wconf 89' lang='lat' dir='ltr'><strong>de</strong></span> <span class='ocrx_word' id='word_1_200' title='bbox 172 3031 282 3108; x_wconf 89' lang='lat' dir='ltr'><strong>quibus</strong></span> <span class='ocrx_word' id='word_1_201' title='bbox 301 3035 392 3092; x_wconf 88' lang='lat' dir='ltr'><strong>antea</strong></span> <span class='ocrx_word' id='word_1_202' title='bbox 411 3032 488 3092; x_wconf 86' lang='lat' dir='ltr'><strong>dixit</strong></span> <span class='ocrx_word' id='word_1_203' title='bbox 507 3032 624 3094; x_wconf 81' lang='lat' dir='ltr'><strong>Sextus.</strong></span> <span class='ocrx_word' id='word_1_204' title='bbox 656 3036 714 3095; x_wconf 89' lang='lat' dir='ltr'><strong>hae</strong></span> <span class='ocrx_word' id='word_1_205' title='bbox 738 3055 808 3096; x_wconf 90' lang='lat' dir='ltr'><strong>oum</strong></span> <span class='ocrx_word' id='word_1_206' title='bbox 826 3055 928 3098; x_wconf 91' lang='lat' dir='ltr'><strong>omnes</strong></span> <span class='ocrx_word' id='word_1_207' title='bbox 947 3038 987 3098; x_wconf 88' lang='lat' dir='ltr'><strong>ad</strong></span> <span class='ocrx_word' id='word_1_208' title='bbox 1005 3039 1134 3104; x_wconf 86' lang='lat' dir='ltr'><strong>irritum</strong></span> 
     </span>
     <span class='ocr_line' id='line_1_28' title="bbox 109 3124 1132 3211; baseline 0.012 -22"><span class='ocrx_word' id='word_1_209' title='bbox 109 3130 301 3208; x_wconf 83' lang='lat' dir='ltr'><strong>redigantur,</strong></span> <span class='ocrx_word' id='word_1_210' title='bbox 325 3130 414 3191; x_wconf 89' lang='lat' dir='ltr'><strong>stoici</strong></span> <span class='ocrx_word' id='word_1_211' title='bbox 436 3149 541 3191; x_wconf 90' lang='lat' dir='ltr'><strong>earum</strong></span> <span class='ocrx_word' id='word_1_212' title='bbox 562 3124 742 3211; x_wconf 76' lang='grc' dir='ltr'><strong><em>λυμολυιορες</em></strong></span> <span class='ocrx_word' id='word_1_213' title='bbox 765 3133 784 3192; x_wconf 90' lang='lat' dir='ltr'><strong>i.</strong></span> <span class='ocrx_word' id='word_1_214' title='bbox 804 3153 828 3193; x_wconf 89' lang='lat' dir='ltr'><strong>e.</strong></span> <span class='ocrx_word' id='word_1_215' title='bbox 848 3153 1003 3197; x_wconf 88' lang='lat' dir='ltr'><strong>eversores</strong></span> <span class='ocrx_word' id='word_1_216' title='bbox 1023 3139 1132 3201; x_wconf 90' lang='lat' dir='ltr'><strong>dicun·</strong></span> 
     </span>
     <span class='ocr_line' id='line_1_29' title="bbox 111 3228 1133 3316; baseline 0.014 -30"><span class='ocrx_word' id='word_1_217' title='bbox 111 3231 171 3305; x_wconf 82' lang='lat' dir='ltr'><strong>tur,</strong></span> <span class='ocrx_word' id='word_1_218' title='bbox 187 3229 268 3304; x_wconf 89' lang='lat' dir='ltr'><strong>quod</strong></span> <span class='ocrx_word' id='word_1_219' title='bbox 280 3228 375 3289; x_wconf 90' lang='lat' dir='ltr'><strong>miror</strong></span> <span class='ocrx_word' id='word_1_220' title='bbox 384 3228 659 3290; x_wconf 89' lang='lat' dir='ltr'><strong>Zimmermannum</strong></span> <span class='ocrx_word' id='word_1_221' title='bbox 667 3248 767 3307; x_wconf 79' lang='lat' dir='ltr'><strong>progr.</strong></span> <span class='ocrx_word' id='word_1_222' title='bbox 777 3230 902 3310; x_wconf 80' lang='lat' dir='ltr'><strong>Erlang.</strong></span> <span class='ocrx_word' id='word_1_223' title='bbox 911 3254 940 3310; x_wconf 93' lang='lat' dir='ltr'><strong>p.</strong></span> <span class='ocrx_word' id='word_1_224' title='bbox 950 3236 992 3295; x_wconf 81' lang='lat'><strong>23</strong></span> <span class='ocrx_word' id='word_1_225' title='bbox 1002 3236 1133 3316; x_wconf 82' lang='lat' dir='ltr'><strong>fugisse.</strong></span> 
     </span>
     <span class='ocr_line' id='line_1_30' title="bbox 109 3320 1133 3403; baseline 0.012 -20"><span class='ocrx_word' id='word_1_226' title='bbox 109 3320 303 3385; x_wconf 84' lang='grc' dir='ltr'><strong><em>έλπιδολωιοιί</em></strong></span> <span class='ocrx_word' id='word_1_227' title='bbox 323 3345 395 3388; x_wconf 83' lang='lat' dir='ltr'><strong>uero</strong></span> <span class='ocrx_word' id='word_1_228' title='bbox 418 3345 473 3403; x_wconf 91' lang='lat' dir='ltr'><strong>pro</strong></span> <span class='ocrx_word' id='word_1_229' title='bbox 496 3324 727 3388; x_wconf 82' lang='grc' dir='ltr'><strong><em>έλπιδοδολοιισιί</em></strong></span> <span class='ocrx_word' id='word_1_230' title='bbox 747 3327 852 3388; x_wconf 88' lang='lat' dir='ltr'><strong>fictum</strong></span> <span class='ocrx_word' id='word_1_231' title='bbox 875 3333 922 3390; x_wconf 86' lang='lat' dir='ltr'><strong>est</strong></span> <span class='ocrx_word' id='word_1_232' title='bbox 945 3350 982 3390; x_wconf 90' lang='lat' dir='ltr'><strong>ex</strong></span> <span class='ocrx_word' id='word_1_233' title='bbox 1000 3354 1133 3399; x_wconf 89' lang='lat' dir='ltr'><strong>numero</strong></span> 
     </span>
    </p>
   </div>
   <div class='ocr_carea' id='block_1_8' title="bbox 111 3423 1134 3596">
    <p class='ocr_par' dir='ltr' id='par_1_8' title="bbox 111 3423 1134 3596">
     <span class='ocr_line' id='line_1_31' title="bbox 111 3423 1134 3576; baseline 0.016 -101"><span class='ocrx_word' id='word_1_234' title='bbox 111 3435 216 3576; x_wconf 61' lang='lat' dir='ltr'><strong>eorugs</strong></span> <span class='ocrx_word' id='word_1_235' title='bbox 242 3423 493 3501; x_wconf 88' lang='lat' dir='ltr'><strong>compositorum,</strong></span> <span class='ocrx_word' id='word_1_236' title='bbox 524 3443 602 3501; x_wconf 89' lang='lat' dir='ltr'><strong>quae</strong></span> <span class='ocrx_word' id='word_1_237' title='bbox 630 3425 775 3486; x_wconf 83' lang='lat' dir='ltr'><strong>tractavit</strong></span> <span class='ocrx_word' id='word_1_238' title='bbox 801 3426 971 3488; x_wconf 86' lang='lat' dir='ltr'><strong>Lobeckius</strong></span> <span class='ocrx_word' id='word_1_239' title='bbox 998 3435 1134 3516; x_wconf 80' lang='lat' dir='ltr'><strong>paralip.</strong></span> 
     </span>
     <span class='ocr_line' id='line_1_32' title="bbox 111 3517 445 3596; baseline 0.021 -24"><span class='ocrx_word' id='word_1_240' title='bbox 111 3533 154 3590; x_wconf 82' lang='lat' dir='ltr'><strong>gr.</strong></span> <span class='ocrx_word' id='word_1_241' title='bbox 206 3534 229 3575; x_wconf 83' lang='lat' dir='ltr'><strong>r.</strong></span> <span class='ocrx_word' id='word_1_242' title='bbox 252 3517 269 3576; x_wconf 97' lang='grc' dir='ltr'>Ι</span> <span class='ocrx_word' id='word_1_243' title='bbox 290 3538 319 3594; x_wconf 92' lang='lat' dir='ltr'><strong>p.</strong></span> <span class='ocrx_word' id='word_1_244' title='bbox 343 3521 386 3579; x_wconf 89' lang='grc'><strong>43</strong></span> <span class='ocrx_word' id='word_1_245' title='bbox 402 3537 445 3596; x_wconf 88' lang='lat' dir='ltr'><strong>sq.</strong></span> 
     </span>
    </p>
   </div>
   <div class='ocr_carea' id='block_1_9' title="bbox 512 3643 724 3650">
    <p class='ocr_par' dir='ltr' id='par_1_9' title="bbox 512 3643 724 3650">
     <span class='ocr_line' id='line_1_33' title="bbox 512 3643 724 3650; baseline 0.009 -2"><span class='ocrx_word' id='word_1_246' title='bbox 512 3643 724 3650; x_wconf 73' lang='lat'><strong>-.---—--·-—</strong></span> 
     </span>
    </p>
   </div>
   <div class='ocr_carea' id='block_1_10' title="bbox 0 0 1247 3832">
    <p class='ocr_par' dir='ltr' id='par_1_10' title="bbox 0 0 1247 3832">
     <span class='ocr_line' id='line_1_34' title="bbox 0 0 1247 3832; baseline 0 0"><span class='ocrx_word' id='word_1_247' title='bbox 0 0 1247 3832; x_wconf 95' lang='lat' dir='ltr'><strong> </strong></span> 
     </span>
    </p>
   </div>
  </div>
 </body>
</html>
