2466 3832
488 206 530 217 -
579 171 643 236 182
689 205 730 215 -
994 186 1133 238 'imonis

103 339 137 398 in
160 355 220 417 quo
245 335 376 415 gallinae
398 338 517 412 ponunt
541 352 598 394 ova
621 336 675 394 aut
697 333 844 394 incubant
863 381 868 393 .
886 380 914 394 ..
937 334 1013 412 quia
1039 336 1132 416 galli·

104 436 152 495 nis
175 433 388 494 incubantibus
411 434 496 511 large
520 431 604 491 cibus
629 431 761 508 obsipari
785 431 875 511 solet,
899 431 970 492 inde
994 426 1028 495 τὸ
1055 455 1130 511 μου·

106 535 186 592 σεῖον
207 534 299 608 poeta
317 531 369 591 ille
388 531 513 590 mordax
530 522 656 606 τάλαρον
678 528 809 607 vocavit,
831 530 864 588 in
889 549 949 609 quo
969 531 1131 608 sophistae

108 629 298 708 grammatici
329 633 438 705 poetae
466 626 498 686 id
525 644 621 704 genus
652 627 789 686 homines
817 627 926 704 opimis
954 627 1129 688 honorariis

107 745 185 805 quae
206 746 224 786 a
242 725 425 787 Ptolemaeis
448 723 656 801 percipiebant
678 718 860 784 alebantur?
897 742 1006 786 vereor
1024 729 1129 786 tamen

106 828 143 885 ut
164 826 246 884 recte
265 823 313 884 vir
332 821 458 882 eximius
482 813 581 902 (nisus
604 822 711 898 procul
734 819 825 881 dubio
846 819 1037 882 Columellas
1052 823 1130 882 VIII

109 924 127 982 3
153 926 183 982 et
208 925 225 982 7
256 920 486 998 gallinariorum
518 909 733 1000 descriptione)
765 919 810 979 ita
843 919 1001 997 statuerit3
1034 921 1130 980 immo

108 1019 230 1079 aliunde
262 1016 442 1094 proficiscor.
488 1016 690 1076 Alexandniae
726 1015 758 1075 in
788 1017 875 1094 regia
903 1034 921 1076 a
947 1016 1129 1077 Ptolemaeo

107 1115 307 1190 Philadelpho
335 1114 467 1192 primum
494 1145 536 1155 —
561 1117 652 1175 antea
680 1113 760 1173 enim
786 1114 921 1190 paradisi
949 1115 1053 1175 solum
1080 1117 1130 1178 vel

108 1212 259 1289 leporario
282 1215 355 1272 nota
379 1213 529 1271 erant-
554 1204 708 1291 πάναγρον
732 1211 813 1289 quod
835 1210 996 1273 Athenaeo
1019 1213 1041 1271 l.
1063 1231 1086 1273 s.
1106 1231 1129 1272 s.

109 1311 184 1371 duce
209 1309 346 1389 diresin,
369 1311 521 1369 nostrates
544 1301 741 1382 ‘Mecoyeric'
765 1309 921 1385 appellant
946 1308 1130 1371 institutum

111 1413 157 1470 est
176 1427 211 1468 eo
230 1407 369 1485 oonsilio,
391 1411 428 1466 ut
445 1407 561 1467 rariora
580 1409 611 1467 et
629 1405 778 1466 notabilia
799 1405 943 1466 animalia
965 1407 1131 1486 peregrina

109 1506 252 1583 impensis
275 1505 368 1582 regiis
387 1508 476 1581 capta
495 1503 678 1581 abundique
701 1504 760 1563 huc
778 1504 930 1563 translata
950 1503 983 1563 in
1001 1504 1131 1566 vivariis

111 1606 266 1664 alerentur
296 1605 327 1662 et
356 1602 549 1661 domarentur
581 1600 861 1678 spectatoribusque
895 1601 1133 1662 ostenderentur

112 1705 143 1762 et
165 1700 345 1778 praeberent
371 1701 408 1757 ut
435 1716 503 1756 oum
526 1696 751 1776 Agatharchide
778 1699 888 1775 loquar
917 1690 979 1779 (ap.
1004 1699 1131 1760 Diodor.

113 1789 233 1874 11137)
257 1799 317 1866 τοῖς
335 1794 376 1866 εἰς
394 1787 448 1871 τὴν
466 1794 617 1872 βασιλείαν
639 1786 862 1875 παραβάλλουσι
880 1792 975 1868 ξένοις
994 1792 1133 1876 μέγιστον

111 1891 162 1955 καὶ
184 1884 422 1971 παραδοξότατον
444 1888 552 1968 θέαμα.
598 1891 675 1951 dixit
700 1894 736 1953 de
760 1894 816 1953 hoo
839 1892 1046 1953 Alexandrino
1071 1899 1131 1971 θη·

112 1988 284 2071 ριοτροφείῳ
308 1987 462 2047 Iaoobsius
481 1988 520 2046 ad
538 1987 656 2047 Aelian.
676 1989 746 2049 hist.
766 1991 855 2050 anim.
870 1990 918 2050 III
932 1993 985 2068 44,
1008 1994 1085 2050 tom.
1101 1993 1133 2051 11

112 2111 141 2168 p.
162 2091 225 2148 123
250 2091 281 2146 et
299 2085 479 2163 Lumbroso‚
502 2087 627 2146 riecrobe
644 2083 856 2147 Alessandrc'ne
877 2108 906 2164 p.
926 2089 967 2146 85
988 2087 1057 2146 adn.
1081 2093 1133 2149 15.

113 2188 194 2246 inter
220 2185 296 2245 alias
324 2182 436 2242 bestias
465 2183 558 2242 etiam
584 2183 735 2259 pretiosae
764 2202 834 2245 aves
865 2183 1071 2260 pascebantur
1103 2191 1134 2246 et

114 2285 168 2363 qui
189 2286 291 2344 totum
313 2274 468 2358 πάναγρον
491 2280 650 2356 descripsit
671 2299 724 2339 rex
744 2281 936 2340 Ptolemaeus
960 2282 1134 2360 Euergetes

112 2383 145 2442 H
168 2374 230 2463 (ap.
250 2379 359 2439 Athen.
379 2377 450 2437 XIV
472 2398 501 2454 p.
522 2371 614 2460 654⁰)
637 2381 758 2455 praeter
780 2379 857 2438 alias
880 2378 974 2438 etiam
995 2379 1137 2463 fasianos,

114 2476 368 2540 commemoravit.
405 2467 456 2556 (de
474 2468 601 2554 τάλαρον
623 2475 771 2535 vocabulo
795 2476 832 2534 ef.
851 2476 992 2537 Eustath.
1011 2478 1032 2536 l.
1052 2496 1076 2537 s.
1103 2481 1136 2539 et

116 2575 285 2637 Columella
307 2573 384 2632 VIII
404 2575 422 2631 3
451 2572 487 2631 de
510 2572 650 2632 vimineis
678 2573 777 2649 qualis
807 2592 882 2650 quos
905 2574 938 2632 in
961 2574 1136 2652 gallinariis

115 2673 326 2749 imposuerunt
349 2661 520 2749 disserens.)

141 2759 144 2765 ’
181 2767 321 2825 Museum
343 2766 440 2842 igitur
463 2765 701 2824 Alexandrinum
724 2767 756 2825 in
779 2767 847 2843 ipsa
869 2767 953 2845 regia
976 2767 1071 2827 sitnm
1101 2770 1136 2829 in

116 2852 176 2944 quo
202 2862 334 2922 συσσίτια
357 2860 507 2921 sodalium
529 2865 702 2941 poetarum,
727 2865 1008 2941 grammaticorum,
1031 2865 1135 2941 philo-

116 2963 280 3040 sophorum
306 2959 449 3038 publicis,
476 2959 495 3018 i.
520 2978 544 3018 e.
568 2960 660 3038 regiis
688 2960 860 3037 sumptibus
887 2960 1078 3020 habebantur
1104 2969 1138 3025 et

114 3061 250 3138 undique
278 3057 414 3137 congesti
441 3057 590 3117 notabiles
618 3057 650 3116 in
671 3057 784 3116 litteris
807 3057 943 3117 homines
967 3075 1136 3137 congrega-

116 3160 241 3236 bantur,
271 3156 391 3216 Timoni
414 3155 501 3232 quasi
525 3155 656 3214 alterum
680 3154 832 3230 quoddam
854 3149 1008 3234 πάναγρον
1030 3154 1137 3216 visum

116 3261 175 3317 est:
202 3256 262 3334 ipsi
288 3254 461 3331 philosophi
485 3286 526 3294 -
550 3271 621 3311 nam
648 3252 702 3311 hos
730 3251 829 3311 solum
857 3251 932 3312 dicit
955 3242 996 3332 (v.
1020 3251 1136 3314 Athen.

115 3353 136 3410 l.
155 3372 177 3412 s.
197 3345 248 3434 s),
280 3370 378 3427 neque
407 3350 488 3428 quod
514 3352 584 3426 post
612 3349 688 3408 alios
718 3347 846 3407 credidit
869 3347 1137 3430 Wilamowitzius,

116 3447 278 3522 Antiponos
303 3467 332 3523 p.
359 3450 420 3506 167
449 3449 555 3523 poetas
580 3449 802 3522 —tamquam
833 3445 963 3505 rariores
996 3462 1068 3506 aves
1102 3448 1137 3507 in

117 3543 257 3620 quasillis
288 3543 337 3604 vel
369 3543 401 3600 in
433 3561 543 3620 magno
570 3544 625 3602 illo
654 3543 752 3604 Musei
784 3541 914 3619 quasillo
943 3542 1137 3620 saginantur.
