<?xml version="1.0" encoding="UTF-8"?>
<!DOCTYPE html PUBLIC "-//W3C//DTD XHTML 1.0 Transitional//EN"
    "http://www.w3.org/TR/xhtml1/DTD/xhtml1-transitional.dtd">
<html xmlns="http://www.w3.org/1999/xhtml" xml:lang="en" lang="en">
 <head>
  <title>
</title>
<meta http-equiv="Content-Type" content="text/html;charset=utf-8" />
  <meta name='ocr-system' content='tesseract 3.04.00' />
  <meta name='ocr-capabilities' content='ocr_page ocr_carea ocr_par ocr_line ocrx_word'/>
</head>
<body>
  <div class='ocr_page' id='page_1' title='image "./sillographorvmg00timogoog_0037.png"; bbox 0 0 2466 3832; ppageno 0'>
   <div class='ocr_carea' id='block_1_1' title="bbox 518 135 859 199">
    <p class='ocr_par' dir='ltr' id='par_1_1' title="bbox 518 135 859 199">
     <span class='ocr_line' id='line_1_1' title="bbox 518 135 859 199; baseline -0.003 0"><span class='ocrx_word' id='word_1_1' title='bbox 518 135 859 199; x_wconf 85' lang='lat'>-32-·</span> 
     </span>
    </p>
   </div>
   <div class='ocr_carea' id='block_1_2' title="bbox 85 288 1197 1550">
    <p class='ocr_par' dir='ltr' id='par_1_2' title="bbox 85 288 1197 1550">
     <span class='ocr_line' id='line_1_2' title="bbox 118 288 1195 377; baseline 0.002 -18"><span class='ocrx_word' id='word_1_2' title='bbox 118 292 190 377; x_wconf 83' lang='grc' dir='ltr'><strong><em>παρ’</em></strong></span> <span class='ocrx_word' id='word_1_3' title='bbox 219 288 307 376; x_wconf 81' lang='grc' dir='ltr'><em>ἡμῶν</em></span> <span class='ocrx_word' id='word_1_4' title='bbox 341 300 431 375; x_wconf 85' lang='lat' dir='ltr'>plane</span> <span class='ocrx_word' id='word_1_5' title='bbox 464 299 661 376; x_wconf 75' lang='lat' dir='ltr'>singulariter</span> <span class='ocrx_word' id='word_1_6' title='bbox 688 299 770 358; x_wconf 91' lang='lat' dir='ltr'>diota</span> <span class='ocrx_word' id='word_1_7' title='bbox 798 304 829 358; x_wconf 87' lang='lat' dir='ltr'>ot</span> <span class='ocrx_word' id='word_1_8' title='bbox 856 305 921 359; x_wconf 89' lang='lat' dir='ltr'>tam</span> <span class='ocrx_word' id='word_1_9' title='bbox 950 300 1077 360; x_wconf 89' lang='lat' dir='ltr'>obscura</span> <span class='ocrx_word' id='word_1_10' title='bbox 1105 305 1141 362; x_wconf 84' lang='lat' dir='ltr'>ut</span> <span class='ocrx_word' id='word_1_11' title='bbox 1189 361 1195 370; x_wconf 79' lang='grc'>,</span> 
     </span>
     <span class='ocr_line' id='line_1_3' title="bbox 121 381 1141 480; baseline 0.002 -23"><span class='ocrx_word' id='word_1_12' title='bbox 121 399 171 458; x_wconf 83' lang='lat' dir='ltr'>vel</span> <span class='ocrx_word' id='word_1_13' title='bbox 195 397 384 472; x_wconf 74' lang='lat' dir='ltr'>corruptelae</span> <span class='ocrx_word' id='word_1_14' title='bbox 403 397 605 473; x_wconf 82' lang='lat' dir='ltr'>suspicionem</span> <span class='ocrx_word' id='word_1_15' title='bbox 623 398 789 457; x_wconf 86' lang='lat' dir='ltr'>nonnullis</span> <span class='ocrx_word' id='word_1_16' title='bbox 800 381 996 480; x_wconf 62' lang='lat' dir='ltr'>movemur),</span> <span class='ocrx_word' id='word_1_17' title='bbox 1021 399 1047 457; x_wconf 91' lang='lat' dir='ltr'>si</span> <span class='ocrx_word' id='word_1_18' title='bbox 1066 418 1141 459; x_wconf 86' lang='lat' dir='ltr'>sana</span> 
     </span>
     <span class='ocr_line' id='line_1_4' title="bbox 120 495 1141 576; baseline 0.003 -21"><span class='ocrx_word' id='word_1_19' title='bbox 120 497 206 572; x_wconf 87' lang='lat' dir='ltr'>sunt,</span> <span class='ocrx_word' id='word_1_20' title='bbox 239 495 290 555; x_wconf 81' lang='lat' dir='ltr'>vix</span> <span class='ocrx_word' id='word_1_21' title='bbox 322 497 451 570; x_wconf 79' lang='lat' dir='ltr'>possunt</span> <span class='ocrx_word' id='word_1_22' title='bbox 482 495 572 553; x_wconf 89' lang='lat' dir='ltr'>aliter</span> <span class='ocrx_word' id='word_1_23' title='bbox 603 496 749 572; x_wconf 87' lang='lat' dir='ltr'>explicari</span> <span class='ocrx_word' id='word_1_24' title='bbox 782 500 874 574; x_wconf 87' lang='lat' dir='ltr'>atque</span> <span class='ocrx_word' id='word_1_25' title='bbox 907 515 976 555; x_wconf 90' lang='lat' dir='ltr'>cum</span> <span class='ocrx_word' id='word_1_26' title='bbox 1008 497 1141 576; x_wconf 88' lang='lat' dir='ltr'>Bergkio</span> 
     </span>
     <span class='ocr_line' id='line_1_5' title="bbox 121 584 1190 679; baseline 0.003 -27"><span class='ocrx_word' id='word_1_27' title='bbox 121 584 236 674; x_wconf 83' lang='lat' dir='ltr'>(comm.</span> <span class='ocrx_word' id='word_1_28' title='bbox 260 595 321 652; x_wconf 76' lang='lat' dir='ltr'>ortt.</span> <span class='ocrx_word' id='word_1_29' title='bbox 344 609 418 666; x_wconf 78' lang='lat' dir='ltr'>spec.</span> <span class='ocrx_word' id='word_1_30' title='bbox 441 592 486 651; x_wconf 83' lang='lat' dir='ltr'>VI</span> <span class='ocrx_word' id='word_1_31' title='bbox 507 613 536 668; x_wconf 88' lang='lat' dir='ltr'>p.</span> <span class='ocrx_word' id='word_1_32' title='bbox 561 586 596 674; x_wconf 88' lang='lat'>8)</span> <span class='ocrx_word' id='word_1_33' title='bbox 625 588 734 653; x_wconf 77' lang='lat' dir='ltr'>‘eidem</span> <span class='ocrx_word' id='word_1_34' title='bbox 761 598 798 653; x_wconf 94' lang='lat' dir='ltr'>ut</span> <span class='ocrx_word' id='word_1_35' title='bbox 824 594 976 672; x_wconf 84' lang='lat' dir='ltr'>Diogenes</span> <span class='ocrx_word' id='word_1_36' title='bbox 1007 596 1141 679; x_wconf 89' lang='lat' dir='ltr'>philoso-</span> <span class='ocrx_word' id='word_1_37' title='bbox 1187 661 1190 664; x_wconf 51' lang='grc'>,</span> 
     </span>
     <span class='ocr_line' id='line_1_6' title="bbox 122 685 1141 769; baseline 0.004 -22"><span class='ocrx_word' id='word_1_38' title='bbox 122 690 252 766; x_wconf 92' lang='lat' dir='ltr'>phorum</span> <span class='ocrx_word' id='word_1_39' title='bbox 270 689 404 748; x_wconf 88' lang='lat' dir='ltr'>familiae</span> <span class='ocrx_word' id='word_1_40' title='bbox 424 685 583 749; x_wconf 89' lang='lat' dir='ltr'>addictus&#39;.</span> <span class='ocrx_word' id='word_1_41' title='bbox 620 692 669 750; x_wconf 90' lang='lat' dir='ltr'>oui</span> <span class='ocrx_word' id='word_1_42' title='bbox 687 710 758 751; x_wconf 82' lang='lat' dir='ltr'>vero</span> <span class='ocrx_word' id='word_1_43' title='bbox 777 691 929 769; x_wconf 86' lang='lat' dir='ltr'>Diogenes</span> <span class='ocrx_word' id='word_1_44' title='bbox 952 693 1016 768; x_wconf 83' lang='lat' dir='ltr'>lpse</span> <span class='ocrx_word' id='word_1_45' title='bbox 1041 696 1141 752; x_wconf 87' lang='lat' dir='ltr'>sectae</span> 
     </span>
     <span class='ocr_line' id='line_1_7' title="bbox 85 771 1142 871; baseline 0.002 -25"><span class='ocrx_word' id='word_1_46' title='bbox 85 802 88 806; x_wconf 84' lang='grc'>’</span> <span class='ocrx_word' id='word_1_47' title='bbox 121 786 262 847; x_wconf 84' lang='lat' dir='ltr'>addictus</span> <span class='ocrx_word' id='word_1_48' title='bbox 294 771 402 864; x_wconf 80' lang='lat' dir='ltr'>fuerit,</span> <span class='ocrx_word' id='word_1_49' title='bbox 435 788 567 846; x_wconf 90' lang='lat' dir='ltr'>multum</span> <span class='ocrx_word' id='word_1_50' title='bbox 599 780 804 871; x_wconf 76' lang='lat' dir='ltr'>dubitatum²)</span> <span class='ocrx_word' id='word_1_51' title='bbox 838 793 885 848; x_wconf 88' lang='lat' dir='ltr'>est</span> <span class='ocrx_word' id='word_1_52' title='bbox 911 794 943 849; x_wconf 89' lang='lat' dir='ltr'>et</span> <span class='ocrx_word' id='word_1_53' title='bbox 970 808 1041 848; x_wconf 90' lang='lat' dir='ltr'>sane</span> <span class='ocrx_word' id='word_1_54' title='bbox 1072 791 1142 849; x_wconf 89' lang='lat' dir='ltr'>sub-</span> 
     </span>
     <span class='ocr_line' id='line_1_8' title="bbox 120 878 1141 963; baseline 0.002 -19"><span class='ocrx_word' id='word_1_55' title='bbox 120 885 246 944; x_wconf 85' lang='lat' dir='ltr'>difficile</span> <span class='ocrx_word' id='word_1_56' title='bbox 270 888 317 944; x_wconf 87' lang='lat' dir='ltr'>est</span> <span class='ocrx_word' id='word_1_57' title='bbox 338 885 489 962; x_wconf 88' lang='lat' dir='ltr'>iudicatu,</span> <span class='ocrx_word' id='word_1_58' title='bbox 519 885 699 961; x_wconf 87' lang='lat' dir='ltr'>praesertim</span> <span class='ocrx_word' id='word_1_59' title='bbox 722 905 791 945; x_wconf 88' lang='lat' dir='ltr'>oum</span> <span class='ocrx_word' id='word_1_60' title='bbox 815 878 963 963; x_wconf 80' lang='lat' dir='ltr'>saepe&#39;ut</span> <span class='ocrx_word' id='word_1_61' title='bbox 989 906 1070 946; x_wconf 89' lang='lat' dir='ltr'>nuno</span> <span class='ocrx_word' id='word_1_62' title='bbox 1093 905 1141 946; x_wconf 89' lang='lat' dir='ltr'>res</span> 
     </span>
     <span class='ocr_line' id='line_1_9' title="bbox 121 981 1142 1060; baseline -0.001 -17"><span class='ocrx_word' id='word_1_63' title='bbox 121 986 170 1043; x_wconf 92' lang='lat' dir='ltr'>est</span> <span class='ocrx_word' id='word_1_64' title='bbox 202 981 354 1060; x_wconf 86' lang='lat' dir='ltr'>ambigas,</span> <span class='ocrx_word' id='word_1_65' title='bbox 391 985 496 1041; x_wconf 88' lang='lat' dir='ltr'>utrum</span> <span class='ocrx_word' id='word_1_66' title='bbox 532 983 592 1060; x_wconf 91' lang='lat' dir='ltr'>ipsi</span> <span class='ocrx_word' id='word_1_67' title='bbox 622 984 741 1043; x_wconf 88' lang='lat' dir='ltr'>misello</span> <span class='ocrx_word' id='word_1_68' title='bbox 774 984 964 1060; x_wconf 86' lang='lat' dir='ltr'>compilatori</span> <span class='ocrx_word' id='word_1_69' title='bbox 995 984 1142 1042; x_wconf 90' lang='lat' dir='ltr'>iudicium</span> 
     </span>
     <span class='ocr_line' id='line_1_10' title="bbox 122 1079 1143 1157; baseline 0.002 -19"><span class='ocrx_word' id='word_1_70' title='bbox 122 1080 277 1157; x_wconf 76' lang='lat' dir='ltr'>quoddam</span> <span class='ocrx_word' id='word_1_71' title='bbox 305 1079 423 1138; x_wconf 74' lang='lat' dir='ltr'>tubuas</span> <span class='ocrx_word' id='word_1_72' title='bbox 447 1099 486 1138; x_wconf 88' lang='lat' dir='ltr'>an</span> <span class='ocrx_word' id='word_1_73' title='bbox 510 1081 574 1140; x_wconf 89' lang='lat' dir='ltr'>eius</span> <span class='ocrx_word' id='word_1_74' title='bbox 597 1081 683 1141; x_wconf 87' lang='lat' dir='ltr'>fonti.</span> <span class='ocrx_word' id='word_1_75' title='bbox 730 1086 778 1141; x_wconf 86' lang='lat' dir='ltr'>sat</span> <span class='ocrx_word' id='word_1_76' title='bbox 801 1085 884 1140; x_wconf 88' lang='lat' dir='ltr'>certa</span> <span class='ocrx_word' id='word_1_77' title='bbox 906 1085 1008 1141; x_wconf 88' lang='lat' dir='ltr'>tamon</span> <span class='ocrx_word' id='word_1_78' title='bbox 1030 1081 1143 1140; x_wconf 87' lang='lat' dir='ltr'>indicia</span> 
     </span>
     <span class='ocr_line' id='line_1_11' title="bbox 122 1177 1197 1255; baseline 0.005 -20"><span class='ocrx_word' id='word_1_79' title='bbox 122 1177 249 1255; x_wconf 80' lang='lat' dir='ltr'>adsunt,</span> <span class='ocrx_word' id='word_1_80' title='bbox 282 1178 341 1236; x_wconf 86' lang='lat' dir='ltr'>nisi</span> <span class='ocrx_word' id='word_1_81' title='bbox 372 1196 496 1254; x_wconf 90' lang='lat' dir='ltr'>prorsus</span> <span class='ocrx_word' id='word_1_82' title='bbox 523 1197 571 1236; x_wconf 91' lang='lat' dir='ltr'>me</span> <span class='ocrx_word' id='word_1_83' title='bbox 599 1178 681 1236; x_wconf 87' lang='lat' dir='ltr'>fallit</span> <span class='ocrx_word' id='word_1_84' title='bbox 708 1178 823 1255; x_wconf 91' lang='lat' dir='ltr'>opinio,</span> <span class='ocrx_word' id='word_1_85' title='bbox 856 1179 967 1255; x_wconf 91' lang='lat' dir='ltr'>quibus</span> <span class='ocrx_word' id='word_1_86' title='bbox 996 1179 1143 1255; x_wconf 87' lang='lat' dir='ltr'>probetur</span> <span class='ocrx_word' id='word_1_87' title='bbox 1193 1217 1197 1224; x_wconf 87' lang='lat'>·</span> 
     </span>
     <span class='ocr_line' id='line_1_12' title="bbox 121 1273 1142 1352; baseline 0.003 -19"><span class='ocrx_word' id='word_1_88' title='bbox 121 1293 195 1333; x_wconf 87' lang='lat' dir='ltr'>eum</span> <span class='ocrx_word' id='word_1_89' title='bbox 226 1275 421 1351; x_wconf 87' lang='lat' dir='ltr'>empirioae</span> <span class='ocrx_word' id='word_1_90' title='bbox 455 1279 553 1334; x_wconf 88' lang='lat' dir='ltr'>sectae</span> <span class='ocrx_word' id='word_1_91' title='bbox 581 1273 731 1332; x_wconf 89' lang='lat' dir='ltr'>medicum</span> <span class='ocrx_word' id='word_1_92' title='bbox 758 1275 860 1334; x_wconf 81' lang='lat' dir='ltr'>fnisse</span> <span class='ocrx_word' id='word_1_93' title='bbox 901 1275 1142 1352; x_wconf 79' lang='lat' dir='ltr'>primum‘enim</span> 
     </span>
     <span class='ocr_line' id='line_1_13' title="bbox 124 1371 1143 1448; baseline 0.002 -17"><span class='ocrx_word' id='word_1_94' title='bbox 124 1373 261 1432; x_wconf 90' lang='lat' dir='ltr'>solorum</span> <span class='ocrx_word' id='word_1_95' title='bbox 287 1372 488 1448; x_wconf 87' lang='lat' dir='ltr'>scepticorum</span> <span class='ocrx_word' id='word_1_96' title='bbox 515 1371 623 1430; x_wconf 89' lang='lat' dir='ltr'>seriem</span> <span class='ocrx_word' id='word_1_97' title='bbox 645 1389 741 1448; x_wconf 88' lang='lat' dir='ltr'>usquo</span> <span class='ocrx_word' id='word_1_98' title='bbox 766 1372 805 1430; x_wconf 89' lang='lat' dir='ltr'>ad</span> <span class='ocrx_word' id='word_1_99' title='bbox 828 1375 961 1432; x_wconf 85' lang='lat' dir='ltr'>aetatem</span> <span class='ocrx_word' id='word_1_100' title='bbox 984 1392 1071 1433; x_wconf 87' lang='lat' dir='ltr'>suem</span> <span class='ocrx_word' id='word_1_101' title='bbox 1094 1375 1143 1433; x_wconf 86' lang='lat' dir='ltr'>do-</span> 
     </span>
     <span class='ocr_line' id='line_1_14' title="bbox 126 1461 1143 1550; baseline 0.004 -23"><span class='ocrx_word' id='word_1_102' title='bbox 126 1469 215 1528; x_wconf 83' lang='lat' dir='ltr'>duxit</span> <span class='ocrx_word' id='word_1_103' title='bbox 239 1461 389 1550; x_wconf 84' lang='lat' dir='ltr'>(IX115.</span> <span class='ocrx_word' id='word_1_104' title='bbox 411 1461 490 1550; x_wconf 87' lang='grc'>116)</span> <span class='ocrx_word' id='word_1_105' title='bbox 514 1472 606 1546; x_wconf 88' lang='lat' dir='ltr'>atque</span> <span class='ocrx_word' id='word_1_106' title='bbox 629 1469 661 1526; x_wconf 93' lang='lat' dir='ltr'>in</span> <span class='ocrx_word' id='word_1_107' title='bbox 684 1469 740 1527; x_wconf 87' lang='lat' dir='ltr'>hac</span> <span class='ocrx_word' id='word_1_108' title='bbox 764 1470 951 1529; x_wconf 81' lang='lat' dir='ltr'>successione</span> <span class='ocrx_word' id='word_1_109' title='bbox 976 1472 1143 1531; x_wconf 87' lang='lat' dir='ltr'>enarranda</span> 
     </span>
    </p>
   </div>
   <div class='ocr_carea' id='block_1_3' title="bbox 124 1566 1144 1939">
    <p class='ocr_par' dir='ltr' id='par_1_3' title="bbox 124 1566 1144 1939">
     <span class='ocr_line' id='line_1_15' title="bbox 126 1566 1143 1644; baseline 0.004 -20"><span class='ocrx_word' id='word_1_110' title='bbox 126 1567 321 1644; x_wconf 88' lang='lat' dir='ltr'>praeeipuam</span> <span class='ocrx_word' id='word_1_111' title='bbox 345 1586 450 1626; x_wconf 86' lang='lat' dir='ltr'>eorum</span> <span class='ocrx_word' id='word_1_112' title='bbox 472 1566 580 1625; x_wconf 88' lang='lat' dir='ltr'>habuit</span> <span class='ocrx_word' id='word_1_113' title='bbox 601 1567 764 1644; x_wconf 81' lang='lat' dir='ltr'>rationem,</span> <span class='ocrx_word' id='word_1_114' title='bbox 792 1568 845 1644; x_wconf 90' lang='lat' dir='ltr'>qui</span> <span class='ocrx_word' id='word_1_115' title='bbox 871 1568 1019 1626; x_wconf 87' lang='lat' dir='ltr'>modicam</span> <span class='ocrx_word' id='word_1_116' title='bbox 1047 1573 1143 1628; x_wconf 76' lang='lat' dir='ltr'>artem</span> 
     </span>
     <span class='ocr_line' id='line_1_16' title="bbox 125 1657 1144 1746; baseline 0.003 -24"><span class='ocrx_word' id='word_1_117' title='bbox 125 1665 217 1722; x_wconf 87' lang='lat' dir='ltr'>simul</span> <span class='ocrx_word' id='word_1_118' title='bbox 239 1665 368 1740; x_wconf 86' lang='lat' dir='ltr'>professi</span> <span class='ocrx_word' id='word_1_119' title='bbox 392 1657 508 1746; x_wconf 80' lang='lat' dir='ltr'>sunt³);</span> <span class='ocrx_word' id='word_1_120' title='bbox 537 1664 606 1724; x_wconf 87' lang='lat' dir='ltr'>dein</span> <span class='ocrx_word' id='word_1_121' title='bbox 629 1683 684 1724; x_wconf 91' lang='lat' dir='ltr'>suo</span> <span class='ocrx_word' id='word_1_122' title='bbox 707 1665 803 1741; x_wconf 88' lang='lat' dir='ltr'>ipsius</span> <span class='ocrx_word' id='word_1_123' title='bbox 827 1665 938 1724; x_wconf 89' lang='lat' dir='ltr'>iudicio</span> <span class='ocrx_word' id='word_1_124' title='bbox 961 1684 1035 1724; x_wconf 91' lang='lat' dir='ltr'>usus</span> <span class='ocrx_word' id='word_1_125' title='bbox 1060 1667 1144 1725; x_wconf 79' lang='lat' dir='ltr'>Sexti</span> 
     </span>
     <span class='ocr_line' id='line_1_17' title="bbox 126 1752 1143 1843; baseline 0.002 -25"><span class='ocrx_word' id='word_1_126' title='bbox 126 1761 273 1836; x_wconf 81' lang='lat' dir='ltr'>Empirioi</span> <span class='ocrx_word' id='word_1_127' title='bbox 305 1760 418 1836; x_wconf 89' lang='lat' dir='ltr'>scripta</span> <span class='ocrx_word' id='word_1_128' title='bbox 449 1755 586 1820; x_wconf 78' lang='grc' dir='ltr'><em>κάλλιστα</em></span> <span class='ocrx_word' id='word_1_129' title='bbox 618 1761 787 1838; x_wconf 82' lang='lat' dir='ltr'>appellavit</span> <span class='ocrx_word' id='word_1_130' title='bbox 817 1752 875 1843; x_wconf 90' lang='lat' dir='ltr'>(IX</span> <span class='ocrx_word' id='word_1_131' title='bbox 901 1755 978 1843; x_wconf 88' lang='grc'>116)</span> <span class='ocrx_word' id='word_1_132' title='bbox 1012 1766 1043 1821; x_wconf 92' lang='grc'>61</span> <span class='ocrx_word' id='word_1_133' title='bbox 1074 1781 1143 1821; x_wconf 91' lang='lat' dir='ltr'>cum</span> 
     </span>
     <span class='ocr_line' id='line_1_18' title="bbox 124 1848 1143 1939; baseline 0.002 -23"><span class='ocrx_word' id='word_1_134' title='bbox 124 1858 232 1918; x_wconf 88' lang='lat' dir='ltr'>eodem</span> <span class='ocrx_word' id='word_1_135' title='bbox 260 1848 384 1937; x_wconf 78' lang='lat' dir='ltr'>(Pyrrh.</span> <span class='ocrx_word' id='word_1_136' title='bbox 408 1858 511 1934; x_wconf 83' lang='lat' dir='ltr'>hypot.</span> <span class='ocrx_word' id='word_1_137' title='bbox 535 1859 551 1916; x_wconf 97' lang='lat' dir='ltr'>I</span> <span class='ocrx_word' id='word_1_138' title='bbox 577 1861 625 1917; x_wconf 93' lang='grc'>16.</span> <span class='ocrx_word' id='word_1_139' title='bbox 652 1851 721 1939; x_wconf 79' lang='grc'>17),</span> <span class='ocrx_word' id='word_1_140' title='bbox 754 1859 845 1918; x_wconf 92' lang='lat' dir='ltr'>immo</span> <span class='ocrx_word' id='word_1_141' title='bbox 879 1859 990 1918; x_wconf 88' lang='lat' dir='ltr'>eisdem</span> <span class='ocrx_word' id='word_1_142' title='bbox 1019 1874 1143 1935; x_wconf 86' lang='lat' dir='ltr'>prorsus</span> 
     </span>
    </p>
   </div>
   <div class='ocr_carea' id='block_1_4' title="bbox 35 1954 1157 2621">
    <p class='ocr_par' dir='ltr' id='par_1_4' title="bbox 35 1954 1157 2621">
     <span class='ocr_line' id='line_1_19' title="bbox 126 1954 1144 2034; baseline 0 -19"><span class='ocrx_word' id='word_1_143' title='bbox 126 1954 226 2015; x_wconf 89' lang='lat' dir='ltr'>verbis</span> <span class='ocrx_word' id='word_1_144' title='bbox 245 1954 445 2030; x_wconf 89' lang='lat' dir='ltr'>scepticorum</span> <span class='ocrx_word' id='word_1_145' title='bbox 468 1973 643 2033; x_wconf 87' lang='lat' dir='ltr'>germanam</span> <span class='ocrx_word' id='word_1_146' title='bbox 662 1975 726 2015; x_wconf 89' lang='lat' dir='ltr'>esse</span> <span class='ocrx_word' id='word_1_147' title='bbox 746 1960 860 2016; x_wconf 87' lang='lat' dir='ltr'>sectam</span> <span class='ocrx_word' id='word_1_148' title='bbox 879 1957 961 2034; x_wconf 91' lang='lat' dir='ltr'>quod</span> <span class='ocrx_word' id='word_1_149' title='bbox 979 1956 1144 2034; x_wconf 83' lang='lat' dir='ltr'>dogmatici</span> 
     </span>
     <span class='ocr_line' id='line_1_20' title="bbox 127 2045 1157 2135; baseline 0.004 -23"><span class='ocrx_word' id='word_1_150' title='bbox 127 2055 277 2132; x_wconf 85' lang='lat' dir='ltr'>negarant</span> <span class='ocrx_word' id='word_1_151' title='bbox 294 2051 326 2110; x_wconf 90' lang='lat' dir='ltr'>in</span> <span class='ocrx_word' id='word_1_152' title='bbox 345 2053 497 2128; x_wconf 88' lang='lat' dir='ltr'>prooemio</span> <span class='ocrx_word' id='word_1_153' title='bbox 518 2045 591 2135; x_wconf 90' lang='grc'>(20)</span> <span class='ocrx_word' id='word_1_154' title='bbox 611 2054 774 2113; x_wconf 88' lang='lat' dir='ltr'>contendit.</span> <span class='ocrx_word' id='word_1_155' title='bbox 807 2055 891 2113; x_wconf 90' lang='lat' dir='ltr'>misit</span> <span class='ocrx_word' id='word_1_156' title='bbox 910 2048 1032 2132; x_wconf 69' lang='lat' dir='ltr'>quidem</span> <span class='ocrx_word' id='word_1_157' title='bbox 1050 2056 1157 2116; x_wconf 91' lang='lat' dir='ltr'>libros.</span> 
     </span>
     <span class='ocr_line' id='line_1_21' title="bbox 35 2143 1144 2233; baseline 0.004 -23"><span class='ocrx_word' id='word_1_158' title='bbox 35 2168 40 2177; x_wconf 82' lang='grc'><strong><em>’</em></strong></span> <span class='ocrx_word' id='word_1_159' title='bbox 65 2204 67 2210; x_wconf 61' lang='lat'>.</span> <span class='ocrx_word' id='word_1_160' title='bbox 125 2170 198 2211; x_wconf 89' lang='lat' dir='ltr'>suos</span> <span class='ocrx_word' id='word_1_161' title='bbox 231 2150 270 2210; x_wconf 86' lang='lat' dir='ltr'>ad</span> <span class='ocrx_word' id='word_1_162' title='bbox 302 2150 459 2209; x_wconf 87' lang='lat' dir='ltr'>mulierem</span> <span class='ocrx_word' id='word_1_163' title='bbox 486 2145 696 2227; x_wconf 74' lang='grc' dir='ltr'><em>φιλοπλάτωνα</em></span> <span class='ocrx_word' id='word_1_164' title='bbox 724 2143 866 2233; x_wconf 76' lang='lat'><strong>(11147)</strong></span> <span class='ocrx_word' id='word_1_165' title='bbox 896 2157 927 2210; x_wconf 89' lang='grc'>61</span> <span class='ocrx_word' id='word_1_166' title='bbox 953 2153 1064 2213; x_wconf 91' lang='lat' dir='ltr'>idcirco</span> <span class='ocrx_word' id='word_1_167' title='bbox 1095 2158 1144 2214; x_wconf 86' lang='lat' dir='ltr'>sat</span> 
     </span>
     <span class='ocr_line' id='line_1_22' title="bbox 128 2248 1144 2329; baseline 0.005 -23"><span class='ocrx_word' id='word_1_168' title='bbox 128 2267 240 2326; x_wconf 88' lang='lat' dir='ltr'>magna</span> <span class='ocrx_word' id='word_1_169' title='bbox 266 2266 337 2324; x_wconf 87' lang='lat' dir='ltr'>pars</span> <span class='ocrx_word' id='word_1_170' title='bbox 362 2249 460 2324; x_wconf 90' lang='lat' dir='ltr'>operis</span> <span class='ocrx_word' id='word_1_171' title='bbox 483 2249 515 2306; x_wconf 94' lang='lat' dir='ltr'>in</span> <span class='ocrx_word' id='word_1_172' title='bbox 539 2248 726 2309; x_wconf 87' lang='lat' dir='ltr'>academicae</span> <span class='ocrx_word' id='word_1_173' title='bbox 753 2249 961 2326; x_wconf 87' lang='lat' dir='ltr'>philosophiae</span> <span class='ocrx_word' id='word_1_174' title='bbox 984 2252 1144 2329; x_wconf 82' lang='lat' dir='ltr'>usquead</span> 
     </span>
     <span class='ocr_line' id='line_1_23' title="bbox 127 2344 1145 2431; baseline 0.005 -27"><span class='ocrx_word' id='word_1_175' title='bbox 127 2344 327 2423; x_wconf 79' lang='lat' dir='ltr'>Arcesilaum,</span> <span class='ocrx_word' id='word_1_176' title='bbox 345 2344 505 2431; x_wconf 71' lang='lat' dir='ltr'>Lacydom,</span> <span class='ocrx_word' id='word_1_177' title='bbox 520 2346 705 2407; x_wconf 81' lang='lat' dir='ltr'>Carneadem</span> <span class='ocrx_word' id='word_1_178' title='bbox 719 2347 1000 2424; x_wconf 80' lang='lat' dir='ltr'>Clitomachumquo</span> <span class='ocrx_word' id='word_1_179' title='bbox 1018 2350 1145 2409; x_wconf 88' lang='lat' dir='ltr'>historia</span> 
     </span>
     <span class='ocr_line' id='line_1_24' title="bbox 126 2443 1145 2535; baseline 0.004 -33"><span class='ocrx_word' id='word_1_180' title='bbox 126 2443 325 2502; x_wconf 89' lang='lat' dir='ltr'>describenda</span> <span class='ocrx_word' id='word_1_181' title='bbox 343 2447 495 2521; x_wconf 75' lang='lat' dir='ltr'>versatur,</span> <span class='ocrx_word' id='word_1_182' title='bbox 516 2444 569 2503; x_wconf 91' lang='lat' dir='ltr'>sed</span> <span class='ocrx_word' id='word_1_183' title='bbox 586 2446 718 2535; x_wconf 74' lang='lat' dir='ltr'>primum</span> <span class='ocrx_word' id='word_1_184' title='bbox 735 2446 789 2504; x_wconf 92' lang='lat' dir='ltr'>illo</span> <span class='ocrx_word' id='word_1_185' title='bbox 808 2449 944 2522; x_wconf 84' lang='lat' dir='ltr'>tempore</span> <span class='ocrx_word' id='word_1_186' title='bbox 959 2447 1145 2507; x_wconf 87' lang='lat' dir='ltr'>academicos</span> 
     </span>
     <span class='ocr_line' id='line_1_25' title="bbox 124 2532 1145 2621; baseline 0.005 -22"><span class='ocrx_word' id='word_1_187' title='bbox 124 2532 204 2620; x_wconf 69' lang='lat' dir='ltr'>(non</span> <span class='ocrx_word' id='word_1_188' title='bbox 231 2533 471 2621; x_wconf 88' lang='lat' dir='ltr'>neoplatonicos)</span> <span class='ocrx_word' id='word_1_189' title='bbox 504 2542 584 2600; x_wconf 89' lang='lat' dir='ltr'>inter</span> <span class='ocrx_word' id='word_1_190' title='bbox 612 2544 642 2600; x_wconf 90' lang='grc'>61</span> <span class='ocrx_word' id='word_1_191' title='bbox 670 2541 816 2616; x_wconf 89' lang='lat' dir='ltr'>scepticos</span> <span class='ocrx_word' id='word_1_192' title='bbox 848 2560 943 2617; x_wconf 88' lang='lat' dir='ltr'>paone</span> <span class='ocrx_word' id='word_1_193' title='bbox 971 2545 1058 2604; x_wconf 90' lang='lat' dir='ltr'>nulla</span> <span class='ocrx_word' id='word_1_194' title='bbox 1084 2544 1145 2604; x_wconf 80' lang='lat' dir='ltr'>fuit</span> 
     </span>
    </p>
   </div>
   <div class='ocr_carea' id='block_1_5' title="bbox 119 2719 1146 3591">
    <p class='ocr_par' dir='ltr' id='par_1_5' title="bbox 127 2719 1145 3033">
     <span class='ocr_line' id='line_1_26' title="bbox 200 2719 1141 2797; baseline 0.006 -20"><span class='ocrx_word' id='word_1_195' title='bbox 200 2725 226 2792; x_wconf 89' lang='lat'>1)</span> <span class='ocrx_word' id='word_1_196' title='bbox 246 2723 357 2778; x_wconf 87' lang='lat' dir='ltr'>Pridem</span> <span class='ocrx_word' id='word_1_197' title='bbox 378 2720 432 2792; x_wconf 80' lang='grc' dir='ltr'>πρὸ</span> <span class='ocrx_word' id='word_1_198' title='bbox 448 2719 529 2794; x_wconf 81' lang='grc' dir='ltr'><strong><em>ἡμῶν</em></strong></span> <span class='ocrx_word' id='word_1_199' title='bbox 547 2726 668 2795; x_wconf 89' lang='lat' dir='ltr'>pessime</span> <span class='ocrx_word' id='word_1_200' title='bbox 682 2725 861 2781; x_wconf 86' lang='lat' dir='ltr'>coniecerant</span> <span class='ocrx_word' id='word_1_201' title='bbox 877 2730 952 2797; x_wconf 90' lang='lat' dir='ltr'>quod</span> <span class='ocrx_word' id='word_1_202' title='bbox 966 2730 1141 2786; x_wconf 85' lang='lat' dir='ltr'>Nietzschius</span> 
     </span>
     <span class='ocr_line' id='line_1_27' title="bbox 127 2800 1145 2876; baseline 0.006 -20"><span class='ocrx_word' id='word_1_203' title='bbox 127 2800 199 2856; x_wconf 88' lang='lat' dir='ltr'>olim</span> <span class='ocrx_word' id='word_1_204' title='bbox 217 2802 299 2869; x_wconf 88' lang='lat' dir='ltr'>(mus.</span> <span class='ocrx_word' id='word_1_205' title='bbox 319 2801 408 2856; x_wconf 85' lang='lat' dir='ltr'>Rhen.</span> <span class='ocrx_word' id='word_1_206' title='bbox 428 2801 518 2858; x_wconf 83' lang='lat' dir='ltr'>XXIV</span> <span class='ocrx_word' id='word_1_207' title='bbox 536 2822 564 2873; x_wconf 93' lang='lat' dir='ltr'>p.</span> <span class='ocrx_word' id='word_1_208' title='bbox 583 2806 646 2875; x_wconf 84' lang='grc'>206)</span> <span class='ocrx_word' id='word_1_209' title='bbox 665 2803 809 2874; x_wconf 87' lang='lat' dir='ltr'>probavit,</span> <span class='ocrx_word' id='word_1_210' title='bbox 835 2812 935 2876; x_wconf 87' lang='lat' dir='ltr'>postea</span> <span class='ocrx_word' id='word_1_211' title='bbox 956 2811 1052 2864; x_wconf 84' lang='lat' dir='ltr'>tamen</span> <span class='ocrx_word' id='word_1_212' title='bbox 1069 2808 1145 2862; x_wconf 87' lang='lat' dir='ltr'>idem</span> 
     </span>
     <span class='ocr_line' id='line_1_28' title="bbox 128 2880 1143 2954; baseline 0.006 -20"><span class='ocrx_word' id='word_1_213' title='bbox 128 2881 159 2934; x_wconf 89' lang='lat' dir='ltr'>in</span> <span class='ocrx_word' id='word_1_214' title='bbox 177 2897 270 2951; x_wconf 84' lang='lat' dir='ltr'>progr.</span> <span class='ocrx_word' id='word_1_215' title='bbox 287 2880 372 2937; x_wconf 86' lang='lat' dir='ltr'>Basil.</span> <span class='ocrx_word' id='word_1_216' title='bbox 393 2898 418 2936; x_wconf 85' lang='lat' dir='ltr'>a.</span> <span class='ocrx_word' id='word_1_217' title='bbox 435 2889 504 2938; x_wconf 80' lang='lat'>1870</span> <span class='ocrx_word' id='word_1_218' title='bbox 525 2884 621 2953; x_wconf 76' lang='lat' dir='ltr'>(Bcitr.</span> <span class='ocrx_word' id='word_1_219' title='bbox 636 2899 659 2938; x_wconf 79' lang='lat' dir='ltr'>a.</span> <span class='ocrx_word' id='word_1_220' title='bbox 676 2884 812 2954; x_wconf 73' lang='lat' dir='ltr'>Quelleclc.</span> <span class='ocrx_word' id='word_1_221' title='bbox 832 2904 860 2943; x_wconf 83' lang='lat' dir='ltr'>a.</span> <span class='ocrx_word' id='word_1_222' title='bbox 874 2889 973 2944; x_wconf 77' lang='lat' dir='ltr'>Kritilc</span> <span class='ocrx_word' id='word_1_223' title='bbox 991 2890 1037 2944; x_wconf 81' lang='lat' dir='ltr'>cles</span> <span class='ocrx_word' id='word_1_224' title='bbox 1050 2887 1143 2941; x_wconf 84' lang='lat' dir='ltr'>Laert.</span> 
     </span>
     <span class='ocr_line' id='line_1_29' title="bbox 128 2956 780 3033; baseline 0.009 -19"><span class='ocrx_word' id='word_1_225' title='bbox 128 2959 224 3030; x_wconf 72' lang='lat' dir='ltr'>Diop.)</span> <span class='ocrx_word' id='word_1_226' title='bbox 243 2979 268 3030; x_wconf 90' lang='lat' dir='ltr'>p.</span> <span class='ocrx_word' id='word_1_227' title='bbox 289 2967 305 3017; x_wconf 87' lang='grc'>6</span> <span class='ocrx_word' id='word_1_228' title='bbox 324 2961 471 3030; x_wconf 83' lang='lat' dir='ltr'>proposuit</span> <span class='ocrx_word' id='word_1_229' title='bbox 489 2958 505 3018; x_wconf 87' lang='grc' dir='ltr'><strong>ὁ</strong></span> <span class='ocrx_word' id='word_1_230' title='bbox 523 2956 780 3033; x_wconf 68' lang='grc' dir='ltr'><strong><em>παροιμιογρᾶφοςῘ</em></strong></span> 
     </span>
    </p>

    <p class='ocr_par' dir='ltr' id='par_1_6' title="bbox 126 3040 1144 3355">
     <span class='ocr_line' id='line_1_30' title="bbox 200 3040 1144 3118; baseline 0.004 -24"><span class='ocrx_word' id='word_1_231' title='bbox 200 3041 228 3108; x_wconf 83' lang='grc'>2)</span> <span class='ocrx_word' id='word_1_232' title='bbox 248 3040 288 3096; x_wconf 88' lang='lat' dir='ltr'>cf.</span> <span class='ocrx_word' id='word_1_233' title='bbox 304 3040 475 3111; x_wconf 83' lang='lat' dir='ltr'>Klippelius‚</span> <span class='ocrx_word' id='word_1_234' title='bbox 495 3043 528 3097; x_wconf 81' lang='lat' dir='ltr'>de</span> <span class='ocrx_word' id='word_1_235' title='bbox 541 3043 624 3111; x_wconf 77' lang='lat' dir='ltr'>Diop.</span> <span class='ocrx_word' id='word_1_236' title='bbox 640 3043 734 3099; x_wconf 80' lang='lat' dir='ltr'>Laert.</span> <span class='ocrx_word' id='word_1_237' title='bbox 749 3047 808 3101; x_wconf 84' lang='grc'>6116</span> <span class='ocrx_word' id='word_1_238' title='bbox 821 3067 848 3118; x_wconf 90' lang='lat' dir='ltr'>p.</span> <span class='ocrx_word' id='word_1_239' title='bbox 865 3054 906 3116; x_wconf 79' lang='lat'>17,</span> <span class='ocrx_word' id='word_1_240' title='bbox 926 3045 1063 3116; x_wconf 88' lang='lat' dir='ltr'>Berghius</span> <span class='ocrx_word' id='word_1_241' title='bbox 1078 3046 1097 3100; x_wconf 95' lang='lat' dir='ltr'>l.</span> <span class='ocrx_word' id='word_1_242' title='bbox 1114 3063 1144 3112; x_wconf 79' lang='lat' dir='ltr'>a,</span> 
     </span>
     <span class='ocr_line' id='line_1_31' title="bbox 128 3119 1144 3194; baseline 0.003 -20"><span class='ocrx_word' id='word_1_243' title='bbox 128 3119 267 3188; x_wconf 68' lang='lat' dir='ltr'>asuerus,</span> <span class='ocrx_word' id='word_1_244' title='bbox 286 3123 349 3178; x_wconf 71' lang='lat' dir='ltr'>laist.</span> <span class='ocrx_word' id='word_1_245' title='bbox 364 3123 435 3192; x_wconf 79' lang='lat' dir='ltr'>phil.</span> <span class='ocrx_word' id='word_1_246' title='bbox 455 3122 502 3177; x_wconf 80' lang='lat' dir='ltr'>Gr.</span> <span class='ocrx_word' id='word_1_247' title='bbox 524 3124 564 3176; x_wconf 93' lang='lat' dir='ltr'>III</span> <span class='ocrx_word' id='word_1_248' title='bbox 584 3122 612 3177; x_wconf 77' lang='lat'>1²</span> <span class='ocrx_word' id='word_1_249' title='bbox 630 3141 657 3192; x_wconf 92' lang='lat' dir='ltr'>p.</span> <span class='ocrx_word' id='word_1_250' title='bbox 678 3129 729 3178; x_wconf 80' lang='grc'>363</span> <span class='ocrx_word' id='word_1_251' title='bbox 749 3127 826 3194; x_wconf 86' lang='lat' dir='ltr'>adn,</span> <span class='ocrx_word' id='word_1_252' title='bbox 852 3127 987 3192; x_wconf 79' lang='lat' dir='ltr'>Moesius,</span> <span class='ocrx_word' id='word_1_253' title='bbox 1006 3126 1039 3179; x_wconf 80' lang='lat' dir='ltr'>de</span> <span class='ocrx_word' id='word_1_254' title='bbox 1057 3125 1144 3194; x_wconf 76' lang='lat' dir='ltr'>biogr.</span> 
     </span>
     <span class='ocr_line' id='line_1_32' title="bbox 126 3199 1144 3273; baseline 0.001 -17"><span class='ocrx_word' id='word_1_255' title='bbox 126 3201 178 3256; x_wconf 76' lang='lat' dir='ltr'>Gr.</span> <span class='ocrx_word' id='word_1_256' title='bbox 198 3219 225 3270; x_wconf 88' lang='lat' dir='ltr'>p.</span> <span class='ocrx_word' id='word_1_257' title='bbox 241 3207 285 3269; x_wconf 90' lang='lat'>22,</span> <span class='ocrx_word' id='word_1_258' title='bbox 304 3199 537 3258; x_wconf 85' lang='lat' dir='ltr'>Wilamowitzius</span> <span class='ocrx_word' id='word_1_259' title='bbox 556 3202 585 3256; x_wconf 92' lang='lat' dir='ltr'>in</span> <span class='ocrx_word' id='word_1_260' title='bbox 604 3205 723 3272; x_wconf 77' lang='lat' dir='ltr'>epistula</span> <span class='ocrx_word' id='word_1_261' title='bbox 741 3207 779 3260; x_wconf 84' lang='lat' dir='ltr'>ud</span> <span class='ocrx_word' id='word_1_262' title='bbox 794 3207 939 3260; x_wconf 79' lang='lat' dir='ltr'>Maesium</span> <span class='ocrx_word' id='word_1_263' title='bbox 956 3203 1024 3257; x_wconf 90' lang='lat' dir='ltr'>ibid.</span> <span class='ocrx_word' id='word_1_264' title='bbox 1039 3222 1067 3273; x_wconf 93' lang='lat' dir='ltr'>p.</span> <span class='ocrx_word' id='word_1_265' title='bbox 1085 3209 1144 3270; x_wconf 83' lang='lat'>162,</span> 
     </span>
     <span class='ocr_line' id='line_1_33' title="bbox 129 3283 1068 3355; baseline 0.003 -19"><span class='ocrx_word' id='word_1_266' title='bbox 129 3283 307 3338; x_wconf 82' lang='lat' dir='ltr'>Nietzsohins</span> <span class='ocrx_word' id='word_1_267' title='bbox 325 3283 355 3338; x_wconf 90' lang='lat' dir='ltr'>in</span> <span class='ocrx_word' id='word_1_268' title='bbox 374 3299 466 3353; x_wconf 87' lang='lat' dir='ltr'>progr.</span> <span class='ocrx_word' id='word_1_269' title='bbox 486 3284 572 3339; x_wconf 84' lang='lat' dir='ltr'>Basil.</span> <span class='ocrx_word' id='word_1_270' title='bbox 593 3299 678 3353; x_wconf 86' lang='lat' dir='ltr'>supra</span> <span class='ocrx_word' id='word_1_271' title='bbox 696 3284 853 3355; x_wconf 85' lang='lat' dir='ltr'>significato</span> <span class='ocrx_word' id='word_1_272' title='bbox 872 3303 899 3354; x_wconf 92' lang='lat' dir='ltr'>p.</span> <span class='ocrx_word' id='word_1_273' title='bbox 918 3288 990 3353; x_wconf 73' lang='lat' dir='ltr'>usq.</span> <span class='ocrx_word' id='word_1_274' title='bbox 1010 3283 1068 3339; x_wconf 83' lang='lat' dir='ltr'>alii.</span> 
     </span>
    </p>

    <p class='ocr_par' dir='ltr' id='par_1_7' title="bbox 119 3362 1146 3591">
     <span class='ocr_line' id='line_1_34' title="bbox 202 3362 1146 3434; baseline 0.003 -17"><span class='ocrx_word' id='word_1_275' title='bbox 202 3365 229 3431; x_wconf 88' lang='grc'>3)</span> <span class='ocrx_word' id='word_1_276' title='bbox 248 3364 289 3418; x_wconf 81' lang='lat' dir='ltr'>cf.</span> <span class='ocrx_word' id='word_1_277' title='bbox 309 3362 441 3430; x_wconf 86' lang='lat' dir='ltr'>Haasius,</span> <span class='ocrx_word' id='word_1_278' title='bbox 460 3365 493 3419; x_wconf 84' lang='lat' dir='ltr'>de</span> <span class='ocrx_word' id='word_1_279' title='bbox 513 3368 593 3434; x_wconf 85' lang='lat' dir='ltr'>scept.</span> <span class='ocrx_word' id='word_1_280' title='bbox 613 3381 684 3420; x_wconf 81' lang='lat' dir='ltr'>succ.</span> <span class='ocrx_word' id='word_1_281' title='bbox 703 3382 730 3433; x_wconf 90' lang='lat' dir='ltr'>p.</span> <span class='ocrx_word' id='word_1_282' title='bbox 746 3369 780 3419; x_wconf 83' lang='grc'>94</span> <span class='ocrx_word' id='word_1_283' title='bbox 793 3381 846 3432; x_wconf 84' lang='lat' dir='ltr'>sq.;</span> <span class='ocrx_word' id='word_1_284' title='bbox 866 3379 938 3430; x_wconf 86' lang='lat' dir='ltr'>quae</span> <span class='ocrx_word' id='word_1_285' title='bbox 957 3363 1056 3419; x_wconf 85' lang='lat' dir='ltr'>contra</span> <span class='ocrx_word' id='word_1_286' title='bbox 1075 3363 1146 3420; x_wconf 82' lang='lat' dir='ltr'>dixit</span> 
     </span>
     <span class='ocr_line' id='line_1_35' title="bbox 119 3438 1146 3515; baseline 0.006 -22"><span class='ocrx_word' id='word_1_287' title='bbox 119 3438 270 3496; x_wconf 82' lang='lat' dir='ltr'>-Hiraelins</span> <span class='ocrx_word' id='word_1_288' title='bbox 295 3443 400 3498; x_wconf 68' lang='lat' dir='ltr'>Uetera</span> <span class='ocrx_word' id='word_1_289' title='bbox 421 3442 460 3496; x_wconf 92' lang='lat' dir='ltr'>III</span> <span class='ocrx_word' id='word_1_290' title='bbox 478 3462 504 3513; x_wconf 92' lang='lat' dir='ltr'>p.</span> <span class='ocrx_word' id='word_1_291' title='bbox 526 3447 577 3498; x_wconf 80' lang='lat'>135</span> <span class='ocrx_word' id='word_1_292' title='bbox 597 3443 660 3499; x_wconf 77' lang='lat' dir='ltr'>adn.</span> <span class='ocrx_word' id='word_1_293' title='bbox 683 3452 695 3498; x_wconf 93' lang='lat'>1</span> <span class='ocrx_word' id='word_1_294' title='bbox 717 3445 861 3508; x_wconf 85' lang='lat' dir='ltr'>corruunt,</span> <span class='ocrx_word' id='word_1_295' title='bbox 886 3440 1024 3511; x_wconf 79' lang='lat' dir='ltr'>siquidem</span> <span class='ocrx_word' id='word_1_296' title='bbox 1044 3444 1146 3515; x_wconf 87' lang='lat' dir='ltr'>Dioge·</span> 
     </span>
     <span class='ocr_line' id='line_1_36' title="bbox 130 3519 510 3591; baseline 0.005 -19"><span class='ocrx_word' id='word_1_297' title='bbox 130 3536 182 3573; x_wconf 85' lang='lat' dir='ltr'>nes</span> <span class='ocrx_word' id='word_1_298' title='bbox 200 3519 260 3588; x_wconf 89' lang='lat' dir='ltr'>ipse</span> <span class='ocrx_word' id='word_1_299' title='bbox 279 3520 334 3575; x_wconf 84' lang='lat' dir='ltr'>fuit</span> <span class='ocrx_word' id='word_1_300' title='bbox 353 3519 510 3591; x_wconf 72' lang='lat' dir='ltr'>empiricus.</span> 
     </span>
    </p>
   </div>
   <div class='ocr_carea' id='block_1_6' title="bbox 0 0 1247 3832">
    <p class='ocr_par' dir='ltr' id='par_1_8' title="bbox 0 0 1247 3832">
     <span class='ocr_line' id='line_1_37' title="bbox 0 0 1247 3832; baseline 0 0"><span class='ocrx_word' id='word_1_301' title='bbox 0 0 1247 3832; x_wconf 95' lang='lat' dir='ltr'> </span> 
     </span>
    </p>
   </div>
  </div>
 </body>
</html>
