<?xml version="1.0" encoding="UTF-8"?>
<!DOCTYPE html PUBLIC "-//W3C//DTD XHTML 1.0 Transitional//EN"
    "http://www.w3.org/TR/xhtml1/DTD/xhtml1-transitional.dtd">
<html xmlns="http://www.w3.org/1999/xhtml" xml:lang="en" lang="en">
 <head>
  <title>
</title>
<meta http-equiv="Content-Type" content="text/html;charset=utf-8" />
  <meta name='ocr-system' content='tesseract 3.04.00' />
  <meta name='ocr-capabilities' content='ocr_page ocr_carea ocr_par ocr_line ocrx_word'/>
</head>
<body>
  <div class='ocr_page' id='page_1' title='image "./sillographorvmg00timogoog_0175.png"; bbox 0 0 2466 3832; ppageno 0'>
   <div class='ocr_carea' id='block_1_1' title="bbox 491 123 1126 194">
    <p class='ocr_par' dir='ltr' id='par_1_1' title="bbox 491 123 1126 194">
     <span class='ocr_line' id='line_1_1' title="bbox 491 123 1126 194; baseline 0.016 -9"><span class='ocrx_word' id='word_1_1' title='bbox 491 159 529 167; x_wconf 96' lang='lat'><strong>—</strong></span> <span class='ocrx_word' id='word_1_2' title='bbox 580 123 644 186; x_wconf 93' lang='grc'>170</span> <span class='ocrx_word' id='word_1_3' title='bbox 693 161 730 169; x_wconf 93' lang='grc'>-</span> <span class='ocrx_word' id='word_1_4' title='bbox 994 151 1126 194; x_wconf 79' lang='lat' dir='ltr'>umorue</span> 
     </span>
    </p>
   </div>
   <div class='ocr_carea' id='block_1_2' title="bbox 104 285 1129 3577">
    <p class='ocr_par' dir='ltr' id='par_1_2' title="bbox 104 285 1127 1242">
     <span class='ocr_line' id='line_1_2' title="bbox 104 285 1127 369; baseline 0.007 -23"><span class='ocrx_word' id='word_1_5' title='bbox 104 287 149 346; x_wconf 92' lang='lat' dir='ltr'>ita</span> <span class='ocrx_word' id='word_1_6' title='bbox 181 285 401 363; x_wconf 77' lang='lat' dir='ltr'>Aristophanes</span> <span class='ocrx_word' id='word_1_7' title='bbox 442 287 633 365; x_wconf 73' lang='lat' dir='ltr'>argutiarum</span> <span class='ocrx_word' id='word_1_8' title='bbox 675 287 931 349; x_wconf 84' lang='lat' dir='ltr'>studiosissimum</span> <span class='ocrx_word' id='word_1_9' title='bbox 970 289 1127 369; x_wconf 75' lang='lat' dir='ltr'>desei-ibit,</span> 
     </span>
     <span class='ocr_line' id='line_1_3' title="bbox 105 382 1127 462; baseline 0.005 -19"><span class='ocrx_word' id='word_1_10' title='bbox 105 383 210 444; x_wconf 86' lang='lat' dir='ltr'>eadem</span> <span class='ocrx_word' id='word_1_11' title='bbox 228 382 275 442; x_wconf 86' lang='lat' dir='ltr'>vis</span> <span class='ocrx_word' id='word_1_12' title='bbox 289 384 338 443; x_wconf 88' lang='lat' dir='ltr'>hie</span> <span class='ocrx_word' id='word_1_13' title='bbox 352 405 370 444; x_wconf 92' lang='lat' dir='ltr'>a</span> <span class='ocrx_word' id='word_1_14' title='bbox 385 385 509 445; x_wconf 85' lang='lat' dir='ltr'>Timone</span> <span class='ocrx_word' id='word_1_15' title='bbox 524 403 645 462; x_wconf 89' lang='lat' dir='ltr'>quoque</span> <span class='ocrx_word' id='word_1_16' title='bbox 660 383 796 444; x_wconf 83' lang='lat' dir='ltr'>adhibite</span> <span class='ocrx_word' id='word_1_17' title='bbox 811 384 859 444; x_wconf 86' lang='lat' dir='ltr'>sit.</span> <span class='ocrx_word' id='word_1_18' title='bbox 884 385 1008 447; x_wconf 83' lang='lat' dir='ltr'>videtur</span> <span class='ocrx_word' id='word_1_19' title='bbox 1020 391 1127 450; x_wconf 82' lang='lat' dir='ltr'>temen</span> 
     </span>
     <span class='ocr_line' id='line_1_4' title="bbox 105 474 1126 564; baseline 0.006 -24"><span class='ocrx_word' id='word_1_20' title='bbox 105 481 199 540; x_wconf 87' lang='lat' dir='ltr'>etiam</span> <span class='ocrx_word' id='word_1_21' title='bbox 216 482 400 542; x_wconf 90' lang='lat' dir='ltr'>reoonditius</span> <span class='ocrx_word' id='word_1_22' title='bbox 419 483 536 561; x_wconf 83' lang='lat' dir='ltr'>aliquid</span> <span class='ocrx_word' id='word_1_23' title='bbox 555 483 659 543; x_wconf 84' lang='lat' dir='ltr'>latere.</span> <span class='ocrx_word' id='word_1_24' title='bbox 696 474 887 561; x_wconf 78' lang='grc' dir='ltr'><strong><em>ἆκριβολογίοι</em></strong></span> <span class='ocrx_word' id='word_1_25' title='bbox 905 483 987 543; x_wconf 89' lang='lat' dir='ltr'>enim</span> <span class='ocrx_word' id='word_1_26' title='bbox 1006 486 1126 564; x_wconf 85' lang='lat' dir='ltr'>aliquo-</span> 
     </span>
     <span class='ocr_line' id='line_1_5' title="bbox 105 577 1125 657; baseline 0.008 -22"><span class='ocrx_word' id='word_1_27' title='bbox 105 577 184 636; x_wconf 87' lang='lat' dir='ltr'>tiens</span> <span class='ocrx_word' id='word_1_28' title='bbox 209 581 256 637; x_wconf 88' lang='lat' dir='ltr'>est</span> <span class='ocrx_word' id='word_1_29' title='bbox 279 579 437 657; x_wconf 71' lang='lat' dir='ltr'>diligentia</span> <span class='ocrx_word' id='word_1_30' title='bbox 461 585 492 639; x_wconf 94' lang='lat' dir='ltr'>et</span> <span class='ocrx_word' id='word_1_31' title='bbox 514 577 699 656; x_wconf 75' lang='lat' dir='ltr'>parsimonia</span> <span class='ocrx_word' id='word_1_32' title='bbox 721 579 754 637; x_wconf 92' lang='lat' dir='ltr'>in</span> <span class='ocrx_word' id='word_1_33' title='bbox 776 598 809 638; x_wconf 92' lang='lat' dir='ltr'>re</span> <span class='ocrx_word' id='word_1_34' title='bbox 832 580 978 639; x_wconf 83' lang='lat' dir='ltr'>familiari</span> <span class='ocrx_word' id='word_1_35' title='bbox 996 583 1125 643; x_wconf 88' lang='lat' dir='ltr'>admini-</span> 
     </span>
     <span class='ocr_line' id='line_1_6' title="bbox 106 675 1124 753; baseline 0.009 -19"><span class='ocrx_word' id='word_1_36' title='bbox 106 675 238 736; x_wconf 87' lang='lat' dir='ltr'>stranda.</span> <span class='ocrx_word' id='word_1_37' title='bbox 286 676 424 737; x_wconf 83' lang='lat' dir='ltr'>Socrates</span> <span class='ocrx_word' id='word_1_38' title='bbox 451 695 523 738; x_wconf 84' lang='lat' dir='ltr'>vero</span> <span class='ocrx_word' id='word_1_39' title='bbox 551 695 620 736; x_wconf 85' lang='lat' dir='ltr'>oum</span> <span class='ocrx_word' id='word_1_40' title='bbox 647 677 730 737; x_wconf 91' lang='lat' dir='ltr'>haud</span> <span class='ocrx_word' id='word_1_41' title='bbox 756 695 824 737; x_wconf 89' lang='lat' dir='ltr'>raro</span> <span class='ocrx_word' id='word_1_42' title='bbox 848 678 999 753; x_wconf 83' lang='lat' dir='ltr'>derebus</span> <span class='ocrx_word' id='word_1_43' title='bbox 1023 681 1124 743; x_wconf 90' lang='lat' dir='ltr'>dome·</span> 
     </span>
     <span class='ocr_line' id='line_1_7' title="bbox 105 772 1125 858; baseline 0.007 -26"><span class='ocrx_word' id='word_1_44' title='bbox 105 772 189 835; x_wconf 89' lang='lat' dir='ltr'>stiois</span> <span class='ocrx_word' id='word_1_45' title='bbox 217 778 249 833; x_wconf 93' lang='lat' dir='ltr'>et</span> <span class='ocrx_word' id='word_1_46' title='bbox 276 774 476 833; x_wconf 79' lang='lat' dir='ltr'>familiaribus</span> <span class='ocrx_word' id='word_1_47' title='bbox 500 773 686 852; x_wconf 80' lang='lat' dir='ltr'>quaesiverit</span> <span class='ocrx_word' id='word_1_48' title='bbox 708 792 886 852; x_wconf 79' lang='lat' dir='ltr'>semperque</span> <span class='ocrx_word' id='word_1_49' title='bbox 910 776 947 836; x_wconf 90' lang='lat' dir='ltr'>de</span> <span class='ocrx_word' id='word_1_50' title='bbox 969 777 1125 858; x_wconf 88' lang='lat' dir='ltr'>iumentis,</span> 
     </span>
     <span class='ocr_line' id='line_1_8' title="bbox 106 863 1125 954; baseline 0.007 -25"><span class='ocrx_word' id='word_1_51' title='bbox 106 871 209 948; x_wconf 77' lang='lat' dir='ltr'>fabriS,</span> <span class='ocrx_word' id='word_1_52' title='bbox 233 871 387 931; x_wconf 86' lang='lat' dir='ltr'>sutoribus</span> <span class='ocrx_word' id='word_1_53' title='bbox 411 872 587 932; x_wconf 77' lang='lat' dir='ltr'>disseruerit</span> <span class='ocrx_word' id='word_1_54' title='bbox 610 863 702 953; x_wconf 86' lang='lat' dir='ltr'>(Plat.</span> <span class='ocrx_word' id='word_1_55' title='bbox 727 873 746 930; x_wconf 94' lang='lat' dir='ltr'>l.</span> <span class='ocrx_word' id='word_1_56' title='bbox 767 891 789 932; x_wconf 90' lang='lat' dir='ltr'>s.</span> <span class='ocrx_word' id='word_1_57' title='bbox 811 893 841 950; x_wconf 90' lang='lat' dir='ltr'>p.</span> <span class='ocrx_word' id='word_1_58' title='bbox 862 867 955 952; x_wconf 57' lang='lat'><strong>2213,</strong></span> <span class='ocrx_word' id='word_1_59' title='bbox 979 876 1125 954; x_wconf 89' lang='lat' dir='ltr'>Xenoph.‚</span> 
     </span>
     <span class='ocr_line' id='line_1_9' title="bbox 108 960 1125 1048; baseline 0.007 -22"><span class='ocrx_word' id='word_1_60' title='bbox 108 986 229 1027; x_wconf 90' lang='lat' dir='ltr'>memor.</span> <span class='ocrx_word' id='word_1_61' title='bbox 254 967 269 1024; x_wconf 95' lang='lat' dir='ltr'>I</span> <span class='ocrx_word' id='word_1_62' title='bbox 294 971 322 1045; x_wconf 80' lang='lat'>2,</span> <span class='ocrx_word' id='word_1_63' title='bbox 347 960 404 1048; x_wconf 82' lang='lat'>37)</span> <span class='ocrx_word' id='word_1_64' title='bbox 432 988 492 1028; x_wconf 89' lang='lat' dir='ltr'>non</span> <span class='ocrx_word' id='word_1_65' title='bbox 518 970 597 1029; x_wconf 85' lang='lat' dir='ltr'>male</span> <span class='ocrx_word' id='word_1_66' title='bbox 626 969 738 1028; x_wconf 85' lang='lat' dir='ltr'>dicitur</span> <span class='ocrx_word' id='word_1_67' title='bbox 765 970 801 1030; x_wconf 91' lang='lat' dir='ltr'>de</span> <span class='ocrx_word' id='word_1_68' title='bbox 824 989 857 1030; x_wconf 92' lang='lat' dir='ltr'>re</span> <span class='ocrx_word' id='word_1_69' title='bbox 880 971 1026 1031; x_wconf 81' lang='lat' dir='ltr'>familiari</span> <span class='ocrx_word' id='word_1_70' title='bbox 1047 973 1125 1033; x_wconf 89' lang='lat' dir='ltr'>bene</span> 
     </span>
     <span class='ocr_line' id='line_1_10' title="bbox 106 1042 1124 1147; baseline 0.007 -23"><span class='ocrx_word' id='word_1_71' title='bbox 106 1065 239 1124; x_wconf 77' lang='lat' dir='ltr'>curanda</span> <span class='ocrx_word' id='word_1_72' title='bbox 272 1042 452 1140; x_wconf 69' lang='lat' dir='ltr'>disputasse.</span> <span class='ocrx_word' id='word_1_73' title='bbox 487 1098 525 1107; x_wconf 87' lang='lat'><em>-</em></span> <span class='ocrx_word' id='word_1_74' title='bbox 558 1067 666 1145; x_wconf 91' lang='lat' dir='ltr'>ntique</span> <span class='ocrx_word' id='word_1_75' title='bbox 699 1059 892 1147; x_wconf 79' lang='grc' dir='ltr'><strong><em>ἆκριβολόμος</em></strong></span> <span class='ocrx_word' id='word_1_76' title='bbox 922 1087 982 1128; x_wconf 91' lang='lat' dir='ltr'>non</span> <span class='ocrx_word' id='word_1_77' title='bbox 1015 1071 1124 1131; x_wconf 89' lang='lat' dir='ltr'>melius</span> 
     </span>
     <span class='ocr_line' id='line_1_11' title="bbox 107 1156 803 1242; baseline 0.004 -24"><span class='ocrx_word' id='word_1_78' title='bbox 107 1162 272 1220; x_wconf 83' lang='lat' dir='ltr'>formatum</span> <span class='ocrx_word' id='word_1_79' title='bbox 296 1164 343 1220; x_wconf 86' lang='lat' dir='ltr'>est</span> <span class='ocrx_word' id='word_1_80' title='bbox 367 1180 458 1238; x_wconf 90' lang='lat' dir='ltr'>quam</span> <span class='ocrx_word' id='word_1_81' title='bbox 480 1156 654 1242; x_wconf 79' lang='grc' dir='ltr'><strong><em>λιχνόγραυς</em></strong></span> <span class='ocrx_word' id='word_1_82' title='bbox 676 1163 712 1221; x_wconf 80' lang='lat' dir='ltr'>fr.</span> <span class='ocrx_word' id='word_1_83' title='bbox 736 1162 803 1221; x_wconf 84' lang='lat' dir='ltr'>VII.</span> 
     </span>
    </p>

    <p class='ocr_par' dir='ltr' id='par_1_3' title="bbox 105 1257 1127 2802">
     <span class='ocr_line' id='line_1_12' title="bbox 172 1257 1124 1324; baseline 0.008 -8"><span class='ocrx_word' id='word_1_84' title='bbox 172 1257 262 1317; x_wconf 87' lang='lat' dir='ltr'>Haud</span> <span class='ocrx_word' id='word_1_85' title='bbox 299 1258 418 1319; x_wconf 88' lang='lat' dir='ltr'>infioete</span> <span class='ocrx_word' id='word_1_86' title='bbox 456 1259 561 1319; x_wconf 91' lang='lat' dir='ltr'>deinde</span> <span class='ocrx_word' id='word_1_87' title='bbox 598 1259 692 1318; x_wconf 90' lang='lat' dir='ltr'>simus</span> <span class='ocrx_word' id='word_1_88' title='bbox 728 1259 817 1320; x_wconf 93' lang='lat' dir='ltr'>homo</span> <span class='ocrx_word' id='word_1_89' title='bbox 850 1264 882 1319; x_wconf 91' lang='lat' dir='ltr'>et</span> <span class='ocrx_word' id='word_1_90' title='bbox 914 1279 1017 1321; x_wconf 91' lang='lat' dir='ltr'>omnes</span> <span class='ocrx_word' id='word_1_91' title='bbox 1049 1281 1124 1324; x_wconf 86' lang='lat' dir='ltr'>naso</span> 
     </span>
     <span class='ocr_line' id='line_1_13' title="bbox 108 1349 1124 1435; baseline 0.005 -21"><span class='ocrx_word' id='word_1_92' title='bbox 108 1355 224 1415; x_wconf 84' lang='lat' dir='ltr'>adunco</span> <span class='ocrx_word' id='word_1_93' title='bbox 249 1356 433 1433; x_wconf 88' lang='lat' dir='ltr'>suspendens</span> <span class='ocrx_word' id='word_1_94' title='bbox 457 1361 488 1417; x_wconf 92' lang='lat' dir='ltr'>et</span> <span class='ocrx_word' id='word_1_95' title='bbox 510 1357 579 1416; x_wconf 91' lang='lat' dir='ltr'>inde</span> <span class='ocrx_word' id='word_1_96' title='bbox 603 1356 701 1416; x_wconf 83' lang='lat' dir='ltr'>dietus</span> <span class='ocrx_word' id='word_1_97' title='bbox 720 1349 859 1435; x_wconf 75' lang='grc' dir='ltr'><strong><em>ὑβριστής</em></strong></span> <span class='ocrx_word' id='word_1_98' title='bbox 878 1376 897 1417; x_wconf 92' lang='lat' dir='ltr'>a</span> <span class='ocrx_word' id='word_1_99' title='bbox 914 1357 1043 1419; x_wconf 89' lang='lat' dir='ltr'>Platone</span> <span class='ocrx_word' id='word_1_100' title='bbox 1061 1361 1081 1418; x_wconf 90' lang='lat' dir='ltr'>l.</span> <span class='ocrx_word' id='word_1_101' title='bbox 1102 1378 1124 1419; x_wconf 90' lang='lat' dir='ltr'>e.</span> 
     </span>
     <span class='ocr_line' id='line_1_14' title="bbox 106 1448 1124 1532; baseline 0.003 -19"><span class='ocrx_word' id='word_1_102' title='bbox 106 1474 135 1530; x_wconf 90' lang='lat' dir='ltr'>p.</span> <span class='ocrx_word' id='word_1_103' title='bbox 155 1448 252 1531; x_wconf 67' lang='lat'>205³,</span> <span class='ocrx_word' id='word_1_104' title='bbox 286 1474 304 1514; x_wconf 84' lang='lat' dir='ltr'>a</span> <span class='ocrx_word' id='word_1_105' title='bbox 338 1454 451 1514; x_wconf 82' lang='lat' dir='ltr'>Seneoa</span> <span class='ocrx_word' id='word_1_106' title='bbox 483 1455 520 1515; x_wconf 90' lang='lat' dir='ltr'>de</span> <span class='ocrx_word' id='word_1_107' title='bbox 551 1454 649 1514; x_wconf 83' lang='lat' dir='ltr'>benef.</span> <span class='ocrx_word' id='word_1_108' title='bbox 672 1454 700 1511; x_wconf 88' lang='lat' dir='ltr'><strong>V</strong></span> <span class='ocrx_word' id='word_1_109' title='bbox 725 1457 758 1532; x_wconf 89' lang='grc'>6,</span> <span class='ocrx_word' id='word_1_110' title='bbox 784 1457 801 1514; x_wconf 85' lang='grc'><strong>6</strong></span> <span class='ocrx_word' id='word_1_111' title='bbox 828 1448 954 1515; x_wconf 80' lang='lat' dir='ltr'>‘derisor</span> <span class='ocrx_word' id='word_1_112' title='bbox 977 1451 1124 1516; x_wconf 90' lang='lat' dir='ltr'>omnium&#39;</span> 
     </span>
     <span class='ocr_line' id='line_1_15' title="bbox 108 1545 1127 1631; baseline 0.005 -23"><span class='ocrx_word' id='word_1_113' title='bbox 108 1551 227 1611; x_wconf 84' lang='lat' dir='ltr'>Timoni</span> <span class='ocrx_word' id='word_1_114' title='bbox 246 1553 421 1629; x_wconf 86' lang='lat' dir='ltr'>appellatur</span> <span class='ocrx_word' id='word_1_115' title='bbox 439 1545 551 1631; x_wconf 76' lang='grc' dir='ltr'><strong><em>μυκτὴρ</em></strong></span> <span class='ocrx_word' id='word_1_116' title='bbox 565 1545 789 1631; x_wconf 71' lang='grc' dir='ltr'><strong><em>ῥητορόμυκτος,</em></strong></span> <span class='ocrx_word' id='word_1_117' title='bbox 809 1552 890 1628; x_wconf 90' lang='lat' dir='ltr'>quod</span> <span class='ocrx_word' id='word_1_118' title='bbox 906 1553 1027 1629; x_wconf 88' lang='lat' dir='ltr'>proprie</span> <span class='ocrx_word' id='word_1_119' title='bbox 1042 1555 1127 1617; x_wconf 81' lang='lat' dir='ltr'>valet</span> 
     </span>
     <span class='ocr_line' id='line_1_16' title="bbox 108 1640 1125 1726; baseline 0.008 -21"><span class='ocrx_word' id='word_1_120' title='bbox 108 1640 210 1709; x_wconf 80' lang='lat' dir='ltr'>‘nasus</span> <span class='ocrx_word' id='word_1_121' title='bbox 234 1668 252 1709; x_wconf 86' lang='lat' dir='ltr'>a</span> <span class='ocrx_word' id='word_1_122' title='bbox 274 1648 445 1718; x_wconf 83' lang='lat' dir='ltr'>rhetoribus</span> <span class='ocrx_word' id='word_1_123' title='bbox 469 1643 648 1726; x_wconf 84' lang='lat' dir='ltr'>emunotns&#39;,</span> <span class='ocrx_word' id='word_1_124' title='bbox 671 1650 823 1709; x_wconf 84' lang='lat' dir='ltr'>translata</span> <span class='ocrx_word' id='word_1_125' title='bbox 840 1653 992 1726; x_wconf 78' lang='lat' dir='ltr'>potestate</span> <span class='ocrx_word' id='word_1_126' title='bbox 1011 1654 1043 1710; x_wconf 88' lang='lat' dir='ltr'>et</span> <span class='ocrx_word' id='word_1_127' title='bbox 1062 1669 1125 1713; x_wconf 87' lang='lat' dir='ltr'>am·</span> 
     </span>
     <span class='ocr_line' id='line_1_17' title="bbox 105 1739 1126 1824; baseline 0.006 -23"><span class='ocrx_word' id='word_1_128' title='bbox 105 1743 196 1822; x_wconf 85' lang='lat' dir='ltr'>bigue</span> <span class='ocrx_word' id='word_1_129' title='bbox 226 1739 326 1804; x_wconf 74' lang='lat' dir='ltr'>‘homo</span> <span class='ocrx_word' id='word_1_130' title='bbox 360 1739 540 1805; x_wconf 80' lang='lat' dir='ltr'>“emunctae</span> <span class='ocrx_word' id='word_1_131' title='bbox 568 1740 673 1805; x_wconf 91' lang='lat' dir='ltr'>naris&#39;’</span> <span class='ocrx_word' id='word_1_132' title='bbox 703 1748 733 1805; x_wconf 91' lang='lat' dir='ltr'>et</span> <span class='ocrx_word' id='word_1_133' title='bbox 754 1740 914 1806; x_wconf 84' lang='lat' dir='ltr'>facundus&#39;</span> <span class='ocrx_word' id='word_1_134' title='bbox 939 1750 1033 1824; x_wconf 88' lang='lat' dir='ltr'>atque</span> <span class='ocrx_word' id='word_1_135' title='bbox 1056 1766 1126 1807; x_wconf 86' lang='lat' dir='ltr'>oum</span> 
     </span>
     <span class='ocr_line' id='line_1_18' title="bbox 106 1834 1126 1923; baseline 0.005 -26"><span class='ocrx_word' id='word_1_136' title='bbox 106 1857 198 1913; x_wconf 77' lang='lat' dir='ltr'>nasus</span> <span class='ocrx_word' id='word_1_137' title='bbox 231 1840 376 1899; x_wconf 89' lang='lat' dir='ltr'>subdolae</span> <span class='ocrx_word' id='word_1_138' title='bbox 407 1841 541 1899; x_wconf 89' lang='lat' dir='ltr'>irrisioni</span> <span class='ocrx_word' id='word_1_139' title='bbox 568 1843 686 1902; x_wconf 78' lang='lat' dir='ltr'>dicatus</span> <span class='ocrx_word' id='word_1_140' title='bbox 714 1843 754 1902; x_wconf 88' lang='lat' dir='ltr'>sit</span> <span class='ocrx_word' id='word_1_141' title='bbox 782 1834 872 1923; x_wconf 89' lang='lat' dir='ltr'>(Plin.</span> <span class='ocrx_word' id='word_1_142' title='bbox 902 1847 964 1903; x_wconf 88' lang='lat' dir='ltr'>nat.</span> <span class='ocrx_word' id='word_1_143' title='bbox 987 1843 1058 1908; x_wconf 80' lang='lat' dir='ltr'>hist.</span> <span class='ocrx_word' id='word_1_144' title='bbox 1081 1844 1126 1902; x_wconf 91' lang='lat' dir='ltr'>XI</span> 
     </span>
     <span class='ocr_line' id='line_1_19' title="bbox 109 1929 1125 2018; baseline 0.003 -22"><span class='ocrx_word' id='word_1_145' title='bbox 109 1938 159 2013; x_wconf 78' lang='lat'>37,</span> <span class='ocrx_word' id='word_1_146' title='bbox 182 1929 259 2018; x_wconf 79' lang='lat'>158)</span> <span class='ocrx_word' id='word_1_147' title='bbox 285 1930 405 2000; x_wconf 78' lang='lat' dir='ltr'>‘derisio</span> <span class='ocrx_word' id='word_1_148' title='bbox 429 1932 571 1999; x_wconf 86' lang='lat' dir='ltr'>faounda&#39;</span> <span class='ocrx_word' id='word_1_149' title='bbox 594 1941 643 2001; x_wconf 85' lang='lat' dir='ltr'>vel</span> <span class='ocrx_word' id='word_1_150' title='bbox 665 1939 769 2016; x_wconf 91' lang='lat' dir='ltr'>potius</span> <span class='ocrx_word' id='word_1_151' title='bbox 787 1943 899 2000; x_wconf 86' lang='lat' dir='ltr'>novato</span> <span class='ocrx_word' id='word_1_152' title='bbox 918 1958 978 2001; x_wconf 86' lang='lat' dir='ltr'>usu</span> <span class='ocrx_word' id='word_1_153' title='bbox 998 1933 1125 2001; x_wconf 81' lang='lat' dir='ltr'>‘derisor</span> 
     </span>
     <span class='ocr_line' id='line_1_20' title="bbox 106 2029 1125 2115; baseline 0.006 -23"><span class='ocrx_word' id='word_1_154' title='bbox 106 2029 275 2097; x_wconf 78' lang='lat' dir='ltr'>facundus&#39;.</span> <span class='ocrx_word' id='word_1_155' title='bbox 322 2036 398 2095; x_wconf 88' lang='lat' dir='ltr'>hano</span> <span class='ocrx_word' id='word_1_156' title='bbox 427 2035 507 2094; x_wconf 93' lang='lat' dir='ltr'>enim</span> <span class='ocrx_word' id='word_1_157' title='bbox 531 2035 594 2097; x_wconf 85' lang='lat' dir='ltr'>vim</span> <span class='ocrx_word' id='word_1_158' title='bbox 616 2036 765 2097; x_wconf 83' lang='lat' dir='ltr'>vocabulo</span> <span class='ocrx_word' id='word_1_159' title='bbox 789 2030 1004 2115; x_wconf 71' lang='grc' dir='ltr'><strong><em>ῥητορόμυκτος</em></strong></span> <span class='ocrx_word' id='word_1_160' title='bbox 1026 2037 1125 2103; x_wconf 85' lang='lat' dir='ltr'>inesse</span> 
     </span>
     <span class='ocr_line' id='line_1_21' title="bbox 106 2123 1125 2212; baseline 0.003 -21"><span class='ocrx_word' id='word_1_161' title='bbox 106 2123 181 2212; x_wconf 85' lang='lat' dir='ltr'>(non</span> <span class='ocrx_word' id='word_1_162' title='bbox 205 2152 272 2193; x_wconf 87' lang='lat' dir='ltr'>earn</span> <span class='ocrx_word' id='word_1_163' title='bbox 295 2153 387 2211; x_wconf 87' lang='lat' dir='ltr'>quam</span> <span class='ocrx_word' id='word_1_164' title='bbox 409 2133 502 2194; x_wconf 86' lang='lat' dir='ltr'>variis</span> <span class='ocrx_word' id='word_1_165' title='bbox 526 2134 705 2194; x_wconf 84' lang='lat' dir='ltr'>coniecturis</span> <span class='ocrx_word' id='word_1_166' title='bbox 727 2134 840 2194; x_wconf 84' lang='lat' dir='ltr'>inferre</span> <span class='ocrx_word' id='word_1_167' title='bbox 863 2135 1048 2201; x_wconf 82' lang='lat' dir='ltr'>studuerunt</span> <span class='ocrx_word' id='word_1_168' title='bbox 1065 2135 1125 2201; x_wconf 73' lang='lat' dir='ltr'>riri</span> 
     </span>
     <span class='ocr_line' id='line_1_22' title="bbox 108 2220 1126 2314; baseline 0 -23"><span class='ocrx_word' id='word_1_169' title='bbox 108 2225 203 2314; x_wconf 79' lang='lat' dir='ltr'>dooti)</span> <span class='ocrx_word' id='word_1_170' title='bbox 233 2233 459 2295; x_wconf 82' lang='lat' dir='ltr'>demonstratur</span> <span class='ocrx_word' id='word_1_171' title='bbox 485 2233 596 2293; x_wconf 86' lang='lat' dir='ltr'>additis</span> <span class='ocrx_word' id='word_1_172' title='bbox 625 2252 643 2291; x_wconf 86' lang='lat' dir='ltr'>a</span> <span class='ocrx_word' id='word_1_173' title='bbox 666 2232 801 2309; x_wconf 86' lang='lat' dir='ltr'>Diogene</span> <span class='ocrx_word' id='word_1_174' title='bbox 824 2232 844 2290; x_wconf 87' lang='lat' dir='ltr'>l.</span> <span class='ocrx_word' id='word_1_175' title='bbox 869 2249 891 2290; x_wconf 86' lang='lat' dir='ltr'>e.</span> <span class='ocrx_word' id='word_1_176' title='bbox 916 2249 938 2290; x_wconf 90' lang='lat' dir='ltr'>s.</span> <span class='ocrx_word' id='word_1_177' title='bbox 961 2231 1063 2292; x_wconf 87' lang='lat' dir='ltr'>verbis</span> <span class='ocrx_word' id='word_1_178' title='bbox 1086 2220 1126 2309; x_wconf 77' lang='grc' dir='ltr'>ἦν</span> 
     </span>
     <span class='ocr_line' id='line_1_23' title="bbox 108 2319 1126 2411; baseline -0.002 -22"><span class='ocrx_word' id='word_1_179' title='bbox 108 2319 165 2409; x_wconf 74' lang='grc' dir='ltr'>γὰρ</span> <span class='ocrx_word' id='word_1_180' title='bbox 192 2329 241 2391; x_wconf 81' lang='grc' dir='ltr'>καὶ</span> <span class='ocrx_word' id='word_1_181' title='bbox 270 2329 303 2392; x_wconf 78' lang='grc' dir='ltr'>ἐν</span> <span class='ocrx_word' id='word_1_182' title='bbox 331 2335 391 2404; x_wconf 83' lang='grc' dir='ltr'><strong><em>τοῖς</em></strong></span> <span class='ocrx_word' id='word_1_183' title='bbox 413 2330 578 2411; x_wconf 73' lang='grc' dir='ltr'><strong><em>ῥητορικοῖς</em></strong></span> <span class='ocrx_word' id='word_1_184' title='bbox 601 2322 711 2402; x_wconf 81' lang='grc' dir='ltr'><strong><em>δετνός;</em></strong></span> <span class='ocrx_word' id='word_1_185' title='bbox 740 2329 821 2407; x_wconf 89' lang='lat' dir='ltr'>quod</span> <span class='ocrx_word' id='word_1_186' title='bbox 843 2328 944 2405; x_wconf 89' lang='lat' dir='ltr'>ipsum</span> <span class='ocrx_word' id='word_1_187' title='bbox 969 2329 996 2387; x_wconf 88' lang='lat' dir='ltr'>si</span> <span class='ocrx_word' id='word_1_188' title='bbox 1018 2329 1058 2387; x_wconf 91' lang='lat' dir='ltr'>ad</span> <span class='ocrx_word' id='word_1_189' title='bbox 1080 2329 1126 2386; x_wconf 91' lang='lat' dir='ltr'>in-</span> 
     </span>
     <span class='ocr_line' id='line_1_24' title="bbox 109 2419 1125 2508; baseline 0 -22"><span class='ocrx_word' id='word_1_190' title='bbox 109 2428 264 2505; x_wconf 84' lang='lat' dir='ltr'>geniosam</span> <span class='ocrx_word' id='word_1_191' title='bbox 292 2429 424 2489; x_wconf 76' lang='lat' dir='ltr'>Socratis</span> <span class='ocrx_word' id='word_1_192' title='bbox 452 2427 684 2507; x_wconf 85' lang='lat' dir='ltr'>argumentandi</span> <span class='ocrx_word' id='word_1_193' title='bbox 711 2427 861 2486; x_wconf 87' lang='lat' dir='ltr'>rationem</span> <span class='ocrx_word' id='word_1_194' title='bbox 888 2426 1044 2485; x_wconf 88' lang='lat' dir='ltr'>rettuleris</span> <span class='ocrx_word' id='word_1_195' title='bbox 1074 2419 1125 2508; x_wconf 82' lang='lat' dir='ltr'>(of.</span> 
     </span>
     <span class='ocr_line' id='line_1_25' title="bbox 109 2517 1125 2608; baseline -0.001 -24"><span class='ocrx_word' id='word_1_196' title='bbox 109 2521 168 2584; x_wconf 84' lang='lat' dir='ltr'>Oia.</span> <span class='ocrx_word' id='word_1_197' title='bbox 192 2527 212 2584; x_wconf 91' lang='grc'>1.</span> <span class='ocrx_word' id='word_1_198' title='bbox 236 2544 259 2584; x_wconf 94' lang='lat' dir='ltr'>s.</span> <span class='ocrx_word' id='word_1_199' title='bbox 279 2518 317 2608; x_wconf 79' lang='lat' dir='ltr'>s.)</span> <span class='ocrx_word' id='word_1_200' title='bbox 340 2526 531 2587; x_wconf 87' lang='lat' dir='ltr'>verissimum</span> <span class='ocrx_word' id='word_1_201' title='bbox 555 2529 609 2585; x_wconf 88' lang='lat' dir='ltr'>est.</span> <span class='ocrx_word' id='word_1_202' title='bbox 653 2517 810 2583; x_wconf 76' lang='lat' dir='ltr'>‘emuncti&#39;</span> <span class='ocrx_word' id='word_1_203' title='bbox 834 2542 906 2584; x_wconf 85' lang='lat' dir='ltr'>vero</span> <span class='ocrx_word' id='word_1_204' title='bbox 929 2541 998 2583; x_wconf 88' lang='lat' dir='ltr'>oum</span> <span class='ocrx_word' id='word_1_205' title='bbox 1021 2542 1125 2583; x_wconf 86' lang='lat' dir='ltr'>omnes</span> 
     </span>
     <span class='ocr_line' id='line_1_26' title="bbox 107 2619 1126 2696; baseline 0 -17"><span class='ocrx_word' id='word_1_206' title='bbox 107 2619 206 2681; x_wconf 82' lang='lat' dir='ltr'>Attici</span> <span class='ocrx_word' id='word_1_207' title='bbox 238 2642 257 2681; x_wconf 91' lang='lat' dir='ltr'>a</span> <span class='ocrx_word' id='word_1_208' title='bbox 289 2623 493 2692; x_wconf 80' lang='lat' dir='ltr'>Quinctiliano</span> <span class='ocrx_word' id='word_1_209' title='bbox 521 2622 590 2681; x_wconf 90' lang='lat' dir='ltr'>inst.</span> <span class='ocrx_word' id='word_1_210' title='bbox 619 2625 694 2681; x_wconf 91' lang='lat' dir='ltr'>orat.</span> <span class='ocrx_word' id='word_1_211' title='bbox 717 2620 776 2680; x_wconf 90' lang='lat' dir='ltr'>XII</span> <span class='ocrx_word' id='word_1_212' title='bbox 802 2621 842 2679; x_wconf 89' lang='lat'>10</span> <span class='ocrx_word' id='word_1_213' title='bbox 871 2619 1025 2696; x_wconf 83' lang='lat' dir='ltr'>dicuntur,</span> <span class='ocrx_word' id='word_1_214' title='bbox 1058 2623 1126 2687; x_wconf 82' lang='lat' dir='ltr'>tum</span> 
     </span>
     <span class='ocr_line' id='line_1_27' title="bbox 109 2716 845 2802; baseline 0 -26"><span class='ocrx_word' id='word_1_215' title='bbox 109 2716 223 2794; x_wconf 88' lang='lat' dir='ltr'>optimo</span> <span class='ocrx_word' id='word_1_216' title='bbox 247 2719 313 2777; x_wconf 89' lang='lat' dir='ltr'>iure</span> <span class='ocrx_word' id='word_1_217' title='bbox 337 2718 488 2802; x_wconf 81' lang='lat' dir='ltr'>Socrates,</span> <span class='ocrx_word' id='word_1_218' title='bbox 512 2718 601 2776; x_wconf 92' lang='lat' dir='ltr'>homo</span> <span class='ocrx_word' id='word_1_219' title='bbox 624 2717 845 2777; x_wconf 88' lang='lat' dir='ltr'>nasutissimus.</span> 
     </span>
    </p>

    <p class='ocr_par' dir='ltr' id='par_1_4' title="bbox 107 2807 1129 3577">
     <span class='ocr_line' id='line_1_28' title="bbox 175 2807 1128 2892; baseline 0 -20"><span class='ocrx_word' id='word_1_220' title='bbox 175 2812 263 2881; x_wconf 80' lang='lat' dir='ltr'>Quod</span> <span class='ocrx_word' id='word_1_221' title='bbox 301 2813 430 2890; x_wconf 89' lang='lat' dir='ltr'>denique</span> <span class='ocrx_word' id='word_1_222' title='bbox 467 2807 639 2892; x_wconf 79' lang='grc' dir='ltr'><strong><em>εἰρωνευτής</em></strong></span> <span class='ocrx_word' id='word_1_223' title='bbox 671 2813 870 2891; x_wconf 88' lang='lat' dir='ltr'>philosophus</span> <span class='ocrx_word' id='word_1_224' title='bbox 904 2814 1078 2890; x_wconf 84' lang='lat' dir='ltr'>appellatur</span> <span class='ocrx_word' id='word_1_225' title='bbox 1109 2832 1128 2872; x_wconf 91' lang='lat' dir='ltr'>a</span> 
     </span>
     <span class='ocr_line' id='line_1_29' title="bbox 109 2909 1128 2989; baseline 0.001 -20"><span class='ocrx_word' id='word_1_226' title='bbox 109 2913 201 2986; x_wconf 87' lang='lat' dir='ltr'>poeta</span> <span class='ocrx_word' id='word_1_227' title='bbox 228 2909 298 2970; x_wconf 83' lang='lat' dir='ltr'>ficto</span> <span class='ocrx_word' id='word_1_228' title='bbox 323 2911 459 2989; x_wconf 91' lang='lat' dir='ltr'>nomine,</span> <span class='ocrx_word' id='word_1_229' title='bbox 486 2911 519 2971; x_wconf 92' lang='lat' dir='ltr'>id</span> <span class='ocrx_word' id='word_1_230' title='bbox 541 2909 711 2970; x_wconf 80' lang='lat' dir='ltr'>convicium</span> <span class='ocrx_word' id='word_1_231' title='bbox 732 2911 835 2987; x_wconf 88' lang='lat' dir='ltr'>potius</span> <span class='ocrx_word' id='word_1_232' title='bbox 859 2911 1011 2972; x_wconf 90' lang='lat' dir='ltr'>oontinere</span> <span class='ocrx_word' id='word_1_233' title='bbox 1035 2929 1128 2988; x_wconf 87' lang='lat' dir='ltr'>quam</span> 
     </span>
     <span class='ocr_line' id='line_1_30' title="bbox 109 3007 1128 3091; baseline 0.001 -25"><span class='ocrx_word' id='word_1_234' title='bbox 109 3007 230 3067; x_wconf 88' lang='lat' dir='ltr'>laudem</span> <span class='ocrx_word' id='word_1_235' title='bbox 258 3009 435 3091; x_wconf 81' lang='lat' dir='ltr'>rectissime</span> <span class='ocrx_word' id='word_1_236' title='bbox 449 3007 588 3087; x_wconf 86' lang='lat' dir='ltr'>exposuit</span> <span class='ocrx_word' id='word_1_237' title='bbox 611 3007 794 3067; x_wconf 88' lang='lat' dir='ltr'>Ribbeokius</span> <span class='ocrx_word' id='word_1_238' title='bbox 817 3027 893 3069; x_wconf 89' lang='lat' dir='ltr'>mus.</span> <span class='ocrx_word' id='word_1_239' title='bbox 914 3009 1009 3068; x_wconf 88' lang='lat' dir='ltr'>Rhen.</span> <span class='ocrx_word' id='word_1_240' title='bbox 1027 3007 1128 3068; x_wconf 87' lang='lat' dir='ltr'>XXXI</span> 
     </span>
     <span class='ocr_line' id='line_1_31' title="bbox 109 3104 1126 3185; baseline -0.003 -19"><span class='ocrx_word' id='word_1_241' title='bbox 109 3126 137 3183; x_wconf 91' lang='lat' dir='ltr'>p.</span> <span class='ocrx_word' id='word_1_242' title='bbox 162 3107 225 3166; x_wconf 79' lang='lat'>382</span> <span class='ocrx_word' id='word_1_243' title='bbox 251 3126 315 3185; x_wconf 90' lang='lat' dir='ltr'>sqq.</span> <span class='ocrx_word' id='word_1_244' title='bbox 362 3107 414 3167; x_wconf 90' lang='lat' dir='ltr'>sed</span> <span class='ocrx_word' id='word_1_245' title='bbox 441 3107 480 3167; x_wconf 88' lang='lat' dir='ltr'>ad</span> <span class='ocrx_word' id='word_1_246' title='bbox 503 3105 635 3166; x_wconf 82' lang='lat' dir='ltr'>Socratis</span> <span class='ocrx_word' id='word_1_247' title='bbox 665 3106 864 3183; x_wconf 84' lang='lat' dir='ltr'>disputatoris</span> <span class='ocrx_word' id='word_1_248' title='bbox 888 3105 1052 3184; x_wconf 86' lang='lat' dir='ltr'>imaginem</span> <span class='ocrx_word' id='word_1_249' title='bbox 1074 3104 1126 3163; x_wconf 90' lang='lat' dir='ltr'>ab·</span> 
     </span>
     <span class='ocr_line' id='line_1_32' title="bbox 108 3203 1129 3281; baseline -0.001 -19"><span class='ocrx_word' id='word_1_250' title='bbox 108 3204 283 3265; x_wconf 86' lang='lat' dir='ltr'>solvendam</span> <span class='ocrx_word' id='word_1_251' title='bbox 323 3205 408 3265; x_wconf 89' lang='lat' dir='ltr'>deest</span> <span class='ocrx_word' id='word_1_252' title='bbox 448 3205 531 3264; x_wconf 92' lang='lat' dir='ltr'>notio</span> <span class='ocrx_word' id='word_1_253' title='bbox 568 3223 630 3262; x_wconf 89' lang='lat' dir='ltr'>una</span> <span class='ocrx_word' id='word_1_254' title='bbox 667 3223 762 3280; x_wconf 88' lang='lat' dir='ltr'>eaque</span> <span class='ocrx_word' id='word_1_255' title='bbox 799 3203 992 3281; x_wconf 87' lang='lat' dir='ltr'>gravissima,</span> <span class='ocrx_word' id='word_1_256' title='bbox 1036 3220 1129 3280; x_wconf 88' lang='lat' dir='ltr'>quam</span> 
     </span>
     <span class='ocr_line' id='line_1_33' title="bbox 108 3299 1128 3381; baseline -0.002 -21"><span class='ocrx_word' id='word_1_257' title='bbox 108 3301 220 3362; x_wconf 86' lang='lat' dir='ltr'>iterum</span> <span class='ocrx_word' id='word_1_258' title='bbox 252 3303 348 3381; x_wconf 85' lang='lat' dir='ltr'>digito</span> <span class='ocrx_word' id='word_1_259' title='bbox 381 3306 531 3364; x_wconf 87' lang='lat' dir='ltr'>monstrat</span> <span class='ocrx_word' id='word_1_260' title='bbox 558 3299 731 3360; x_wconf 78' lang='lat' dir='ltr'>Alcibiades</span> <span class='ocrx_word' id='word_1_261' title='bbox 764 3300 847 3378; x_wconf 86' lang='lat' dir='ltr'>apud</span> <span class='ocrx_word' id='word_1_262' title='bbox 873 3301 1033 3359; x_wconf 83' lang='lat' dir='ltr'>Platonem</span> <span class='ocrx_word' id='word_1_263' title='bbox 1060 3299 1081 3357; x_wconf 94' lang='lat' dir='ltr'>l.</span> <span class='ocrx_word' id='word_1_264' title='bbox 1105 3317 1128 3358; x_wconf 93' lang='lat' dir='ltr'>s.</span> 
     </span>
     <span class='ocr_line' id='line_1_34' title="bbox 107 3391 1129 3478; baseline 0.002 -21"><span class='ocrx_word' id='word_1_265' title='bbox 107 3417 136 3472; x_wconf 91' lang='lat' dir='ltr'>p.</span> <span class='ocrx_word' id='word_1_266' title='bbox 161 3392 246 3457; x_wconf 69' lang='grc' dir='ltr'>216Ε</span> <span class='ocrx_word' id='word_1_267' title='bbox 278 3392 508 3478; x_wconf 79' lang='grc' dir='ltr'><strong><em>εἰρωνευόμενος</em></strong></span> <span class='ocrx_word' id='word_1_268' title='bbox 540 3394 573 3457; x_wconf 79' lang='grc' dir='ltr'>δὲ</span> <span class='ocrx_word' id='word_1_269' title='bbox 605 3395 656 3458; x_wconf 78' lang='grc' dir='ltr'>καὶ</span> <span class='ocrx_word' id='word_1_270' title='bbox 687 3398 823 3470; x_wconf 75' lang='grc' dir='ltr'><strong><em>παίζων</em></strong></span> <span class='ocrx_word' id='word_1_271' title='bbox 854 3391 954 3457; x_wconf 78' lang='grc' dir='ltr'><strong><em>πάντα</em></strong></span> <span class='ocrx_word' id='word_1_272' title='bbox 981 3391 1033 3458; x_wconf 85' lang='grc' dir='ltr'>τὸν</span> <span class='ocrx_word' id='word_1_273' title='bbox 1060 3398 1129 3477; x_wconf 70' lang='grc' dir='ltr'><strong><em>βίον</em></strong></span> 
     </span>
     <span class='ocr_line' id='line_1_35' title="bbox 107 3484 1128 3577; baseline 0.002 -24"><span class='ocrx_word' id='word_1_274' title='bbox 107 3484 181 3571; x_wconf 76' lang='grc' dir='ltr'><strong><em>πρὸς</em></strong></span> <span class='ocrx_word' id='word_1_275' title='bbox 203 3488 272 3567; x_wconf 79' lang='grc' dir='ltr'><strong><em>τοὺς</em></strong></span> <span class='ocrx_word' id='word_1_276' title='bbox 295 3489 479 3574; x_wconf 72' lang='grc' dir='ltr'><strong><em>ἀνθρώπους</em></strong></span> <span class='ocrx_word' id='word_1_277' title='bbox 498 3494 625 3555; x_wconf 76' lang='grc' dir='ltr'><strong><em>διατελεῖ</em></strong></span> <span class='ocrx_word' id='word_1_278' title='bbox 640 3486 691 3577; x_wconf 84' lang='lat' dir='ltr'>(of.</span> <span class='ocrx_word' id='word_1_279' title='bbox 707 3493 767 3555; x_wconf 76' lang='lat' dir='ltr'>cie.</span> <span class='ocrx_word' id='word_1_280' title='bbox 788 3495 824 3554; x_wconf 90' lang='lat' dir='ltr'>de</span> <span class='ocrx_word' id='word_1_281' title='bbox 844 3497 919 3555; x_wconf 84' lang='lat' dir='ltr'>orat.</span> <span class='ocrx_word' id='word_1_282' title='bbox 933 3493 966 3552; x_wconf 94' lang='grc' dir='ltr'>Π</span> <span class='ocrx_word' id='word_1_283' title='bbox 981 3497 1032 3571; x_wconf 83' lang='grc'>67,</span> <span class='ocrx_word' id='word_1_284' title='bbox 1049 3497 1128 3570; x_wconf 78' lang='lat'>2703</span> 
     </span>
    </p>
   </div>
   <div class='ocr_carea' id='block_1_3' title="bbox 0 0 1242 3832">
    <p class='ocr_par' dir='ltr' id='par_1_5' title="bbox 0 0 1242 3832">
     <span class='ocr_line' id='line_1_36' title="bbox 0 0 1242 3832; baseline 0 0"><span class='ocrx_word' id='word_1_285' title='bbox 0 0 1242 3832; x_wconf 95' lang='lat' dir='ltr'> </span> 
     </span>
    </p>
   </div>
  </div>
 </body>
</html>
