2466 3832
105 139 265 181 cunr-v
496 151 533 160 —
583 115 644 179 191
695 153 733 162 -

105 291 169 326 ouen
180 272 350 342 aliquotiens
360 273 519 340 correptam
532 269 618 324 fnisse
630 269 760 336 doceant,
770 271 946 339 corruptelae
956 271 1119 341 suspectum

106 362 222 417 habenti
236 360 422 431 Xenophanes
442 354 579 415 δεδάασιο
594 353 719 420 ἅπαντες
732 357 846 412 videtur
860 358 1012 429 scripsisse,
1030 357 1119 414 idem-

106 467 160 518 que
179 449 237 504 iam
256 448 401 520 proposuit
415 446 536 503 Cobetus
554 447 584 501 in
602 446 721 516 praefat.
737 444 879 501 Gaielordi
895 446 932 498 ad
946 447 1012 501 edit.
1026 447 1119 518 Etym.

107 539 201 608 Magn.
216 557 244 607 p.
255 544 284 604 83
300 539 349 593 sed
364 537 398 592 cf.
408 535 552 592 Nauckius
564 536 709 607 Melanyes
725 534 839 590 (ia-Ro.
850 534 876 588 V
885 552 911 604 p.
923 540 973 589 170
987 535 1034 602 (=
1043 537 1120 592 Ball.

105 628 139 682 de
157 627 265 681 l'Accd.
284 626 350 695 imp.
370 623 448 679 XXX
467 623 563 694 [1885]
582 642 609 694 p.
627 625 671 690 75)

173 811 269 852 coum.
306 792 438 852 Permire
466 810 485 849 a
511 791 696 868 Xenophane
724 790 843 850 irrisam
870 808 935 850 esse
960 789 1123 850 dictionem

110 890 302 951 Homericam
334 886 364 961 ἐξ
396 882 489 968 ἀρχῆς
515 887 638 966 putavit
670 887 915 949 Schneidewinns
942 889 961 949 l.
987 905 1013 949 s.
1041 889 1123 948 refu·

109 991 193 1048 tatus
218 1007 236 1046 a
259 987 418 1047 Welelrero
447 986 524 1063 epici
547 985 626 1063 cycli
647 986 664 1045 Ι
686 1008 714 1063 p.
741 989 803 1048 186
828 990 859 1048 et
881 988 960 1065 458,
993 1003 1124 1064 quocum

109 1085 350 1163 Sengebuschius
378 1085 498 1145 Homer.
527 1083 596 1144 diss.
620 1084 636 1143 Ι
660 1105 689 1162 p.
715 1086 777 1144 131
806 1084 971 1146 rectissime
1005 1084 1123 1162 statuit,

108 1182 324 1260 Xenophanem
352 1200 440 1261 aegre
468 1181 588 1260 tulisse,
617 1182 699 1260 quod
724 1183 812 1260 pueri
835 1183 969 1244 inludis
991 1183 1123 1243 Homero
1199 1170 1202 1176 ⁵

109 1280 239 1339 maxime
263 1280 391 1358 legendo
414 1284 445 1341 et
467 1279 607 1340 discendo
626 1284 849 1358 excrementum
872 1279 941 1339 inde
960 1281 1041 1340 enim
1059 1279 1125 1339 fieri

109 1380 145 1435 ut
168 1394 270 1436 omnes
293 1394 403 1453 pravas
426 1378 463 1437 de
487 1377 533 1436 dis
557 1377 712 1453 opiniones
731 1374 909 1454 concipiant.

176 1823 293 1885 Gellius
316 1824 403 1886 Noet.
427 1826 492 1887 Ati.
515 1826 562 1886 III
583 1829 672 1905 11‚2
697 1829 751 1888 alit
772 1829 934 1890 Homerwm
955 1848 1044 1904 qaam
1066 1831 1126 1891 Hc·

108 1923 222 1984 οἰοάοοο
252 1926 392 1984 mauram
418 1929 491 1984 aute
518 1927 611 2000 faisse
637 1927 816 2000 seripserunt
842 1929 875 1987 ia
901 1929 1004 2002 patoes
1030 1929 1126 1989 Philo-

109 2023 217 2083 ohorae
235 2027 261 2082 et
284 2021 483 2096 Xenophanes.

108 2142 322 2150 ——-———

177 2215 272 2256 conns.
289 2260 290 2265 ,
310 2198 448 2275 Apparet
483 2196 618 2256 Gellium
648 2197 725 2257 hanc
756 2199 932 2260 memoriam
964 2203 1082 2262 omnem
1111 2222 1127 2262 e

112 2293 331 2354 Philochoro
357 2295 494 2372 petiisse,
523 2295 637 2371 optimo
666 2314 737 2354 sane
765 2299 902 2375 auctor03
932 2299 1032 2360 nescio
1055 2317 1126 2362 vero

113 2390 145 2449 in
178 2408 238 2468 quo
270 2391 402 2450 carmine
436 2391 624 2470 probabilius
657 2396 813 2455 statuatur
843 2396 1060 2474 Xenophanem
1091 2397 1127 2457 de

113 2486 239 2547 Homeri
266 2487 452 2568 Hesiodique
480 2493 580 2550 aetate
608 2489 756 2552 iudicasse
786 2513 878 2571 qnam
905 2495 937 2554 in
964 2494 1050 2575 sillia.
1090 2495 1129 2555 ad

113 2583 206 2644 κτίσιν
220 2588 405 2664 Κολοφῶνος
419 2587 521 2648 Odofr.
531 2587 696 2648 Muellerus
713 2589 782 2650 hist.
797 2591 857 2652 litt.
867 2583 897 2651 1²
909 2613 938 2669 p.
950 2594 1012 2651 142
1028 2591 1096 2653 acin.
1109 2596 1125 2652 1

112 2681 219 2759 refert,
247 2700 316 2742 cum
344 2684 398 2743 alii
426 2705 463 2745 ex
490 2687 556 2746 sola
582 2687 739 2747 nominum
761 2687 793 2747 in
815 2691 922 2770 fragm.
946 2690 977 2749 H
1000 2690 1128 2752 colloca·

113 2779 195 2838 tione
210 2779 402 2857 Xenophanis
426 2785 608 2844 sententiam
626 2785 795 2847 derivatam
814 2805 878 2849 esse
900 2821 938 2830 -
958 2807 1008 2848 me
1030 2788 1129 2849 iudice

112 2876 444 3058 ἓοίοἰοὴίωρτὶοζὶέζῦἱοοτ
453 2911 495 2922 -
510 2881 695 2942 contendant
708 2873 761 2964 (cf.
770 2884 891 2947 Hesiod.
902 2886 947 2947 ed.
959 2883 1129 2967 Gcettling·

151 2992 186 3033 ac
209 3022 215 3033 .
234 2995 262 3051 p.
365 3023 371 3034 .
