2466 3832
112 64 162 105 nn.
176 64 217 105 nx
497 76 538 84 -
587 39 651 105 183
697 76 738 85 -

114 223 191 282 quae
219 205 293 265 scite
322 207 394 263 sunt
422 203 594 281 excogitata
621 221 656 262 eo
684 203 876 279 potissimum
903 209 1039 286 tempore
1067 227 1127 286 quo

114 303 246 361 omnium
270 301 501 361 admirationem
524 298 602 358 illud
624 293 778 380 πάναχρον
800 302 904 362 movit.

179 399 378 476 Philosophos
396 399 428 457 in
448 397 633 476 quotidianis
656 397 753 456 musei
775 398 921 459 conviviis
944 420 1005 460 non
1026 405 1127 463 minus

113 515 206 574 quam
232 497 417 575 philologos,
441 497 477 557 de
501 494 612 572 quibus
639 497 747 554 notum
774 500 821 555 est
847 497 1001 573 praeclare
1029 501 1125 577 egisse

112 594 272 653 Lehrsium
294 594 326 652 in
348 593 518 654 Aristarchi
540 592 589 651 sui
611 591 681 652 diss.
704 592 752 652 III
774 611 839 670 cap.
861 593 915 671 IV,
938 593 978 653 ad
1007 596 1128 655 doctam

101 692 325 769 ‚garrulitatem
348 710 379 752 se
398 691 561 751 accinxisse
584 692 616 749 et
638 690 675 749 de
694 690 924 767 quaestionibus
946 693 1127 769 praepositis

113 789 223 850 acriter
240 790 319 850 inter
338 807 369 849 se
388 790 550 849 altercatos
569 805 633 848 esse
653 791 760 864 sponte
777 791 873 866 patet.
902 807 1000 865 neque
1019 788 1126 848 dubito

114 888 188 964 quin
202 887 301 950 verbis
315 883 464 967 βιβλιακοὶ
477 877 629 965 χαρακῖται
643 887 756 946 eruditi
770 880 919 948 ‘doctores
933 878 1124 948 umbratiles'

112 985 313 1064 castigentur,
342 986 395 1062 qui
422 985 568 1044 immensa
594 983 742 1044 librorum
769 984 857 1062 copia
885 985 1058 1063 stipati-
1082 985 1126 1042 in-

112 1081 217 1141 audita
235 1100 307 1143 vero
326 1082 507 1158 scriptorum
525 1082 723 1142 multitudine
746 1081 931 1144 bibliotheca
953 1084 1039 1161 regia
1058 1087 1126 1142 tum

111 1178 255 1240 inclaruit
286 1211 324 1222 —
353 1180 385 1239 in
416 1197 520 1239 museo
553 1179 763 1241 delitescentes
792 1181 889 1258 ipsius
921 1182 1004 1243 vitae
1035 1199 1126 1240 usum

111 1295 234 1351 prorsus
253 1280 459 1352 aspernentur.
491 1277 618 1337 verbum
635 1277 737 1353 ipsum
754 1296 825 1339 vero
845 1279 1002 1337 aTimone
1020 1277 1126 1336 fiotum

112 1389 181 1430 cum
213 1371 495 1451 Schweighaeusero
527 1374 587 1433 vol.
614 1374 631 1430 I
656 1393 685 1449 p.
712 1375 775 1432 180
809 1377 841 1433 et
867 1374 1125 1433 Meinekioanal.

112 1469 151 1528 ad
168 1469 278 1529 Athen.
301 1491 330 1547 p.
350 1474 388 1529 11
414 1471 453 1529 ad
475 1463 567 1548 χάραξ
589 1471 794 1531 revocaverim
817 1463 851 1552 (a
872 1463 1022 1548 χαροὶττειν
1046 1474 1126 1530 certe

112 1567 283 1628 derivatum
302 1568 462 1645 quominus
477 1562 650 1644 ‘scriptores
663 1560 821 1626 librorum'
839 1566 1009 1646 significare
1024 1585 1125 1628 sumas

111 1682 180 1723 cum
208 1663 400 1742 Casaubono,
431 1665 601 1743 impediunt
632 1666 715 1743 leges
747 1658 986 1747 grammaticae).
1032 1669 1124 1743 atque

110 1762 283 1837 putaverim
313 1766 349 1823 ut
375 1754 567 1845 χαρακίαι(ἳ)
596 1761 760 1822 secundum
782 1761 970 1841 Hesychium
999 1766 1070 1823 sunt
1097 1761 1129 1822 οἱ

111 1856 144 1918 ἐν
166 1865 227 1931 τοῖς
249 1852 354 1938 χάραξι
377 1860 588 1940 διατρίβοντες,
616 1861 658 1920 sic
685 1859 841 1938 χαρακῖται·
868 1879 932 1920 esse
962 1860 1016 1937 qui
1038 1859 1124 1919 libris

109 1958 267 2034 tamquam
287 1959 368 2019 vallo
388 1958 600 2035 circumsaepti
618 1957 742 2034 degant:
765 1955 797 2014 id
817 1957 898 2032 quod
918 1957 1031 2033 optime
1050 1974 1124 2033 qua·

110 2052 187 2111 drat.
230 2055 283 2131 qui
305 2058 408 2114 tamen
430 2056 510 2115 inter
532 2053 751 2113 Alexandrinos
774 2053 971 2130 philosophos
992 2084 1032 2094 —
1052 2072 1125 2113 enu-

108 2152 208 2208 merat
226 2168 277 2209 eos
295 2154 365 2226 post
378 2150 552 2229 Mallorum,
571 2151 644 2211 ecclc
661 2147 803 2226 d'Aleap.
821 2153 956 2227 119sqq.
979 2151 1125 2227 Rohdius,

107 2247 214 2320 oricoli.
232 2247 356 2306 Roman.
378 2268 407 2323 p.
429 2250 491 2308 208
516 2248 583 2306 adn.
599 2250 633 2324 4,
656 2246 766 2323 quibus
790 2266 860 2307 cum
883 2247 1065 2308 Schwartzio
1089 2266 1125 2306 ex

109 2341 249 2402 Aristeae
269 2344 400 2421 epistula
418 2365 447 2421 p.
462 2348 514 2423 48,
529 2347 572 2404 20
591 2345 746 2404 addendus
764 2345 957 2405 Menedemus
977 2336 1028 2427 (of.
1047 2363 1123 2404 mus.

109 2439 203 2499 Rhen.
213 2440 266 2498 XL
275 2461 303 2517 p.
316 2444 380 2501 260
395 2442 462 2501 adn.
473 2434 507 2523 2)
521 2473 558 2482 -·
575 2442 674 2500 Musei
688 2442 805 2502 sodales
818 2442 942 2520 fuerint,
955 2443 1122 2521 ignoratur.

178 2535 237 2595 Sed
265 2556 319 2596 cur
345 2542 436 2613 poeta
463 2536 496 2599 ἐν
519 2532 660 2619 Αἰγύπτῳ
685 2532 848 2621 πολυφύλῳ
877 2539 979 2600 dixit?
1007 2540 1123 2618 opinor,

109 2633 192 2709 quod
223 2634 255 2692 in
286 2635 445 2695 nationum
477 2637 536 2697 isto
569 2635 770 2697 conciliabulo
799 2637 880 2714 quod
906 2639 960 2698 illo
987 2640 1123 2716 tempore

108 2729 310 2791 Alexandriae
342 2735 535 2809 potissimum
566 2735 640 2815 fuit,
672 2734 765 2792 etiam
794 2736 850 2795 hoo
877 2735 1065 2795 rarissimum
1093 2737 1124 2793 et

107 2827 163 2886 illa
195 2832 296 2889 aetate
327 2849 423 2908 paene
457 2833 692 2892 intermortuum
723 2832 881 2892 hominum
912 2850 1008 2911 genus
1039 2830 1124 2890 nasci

107 2927 156 2985 vel
180 2927 302 2987 aliunde
325 2929 524 3005 importatum
545 2929 630 3006 pasci
653 2927 822 3005 significare
845 2930 952 2990 voluit.

175 3020 317 3082 Ceterum
345 3042 423 3101 quae
447 3026 484 3085 de
507 3026 555 3085 his
577 3025 715 3088 versibus
738 3029 860 3086 enarrat
883 3025 1029 3102 Sharpius
1051 3025 1121 3085 hist

108 3119 239 3198 Aegypt.
262 3121 278 3180 I
299 3142 328 3198 p.
354 3124 416 3182 209
441 3123 486 3181 ed.
511 3122 610 3182 Germ.
633 3123 781 3201 perdigna
809 3126 892 3200 sunt,
921 3143 999 3200 quae
1028 3122 1122 3181 animi

107 3233 198 3275 causa
221 3219 376 3296 legentum
400 3221 556 3295 superavit
578 3221 631 3280 ille
653 3221 704 3282 vel
725 3221 854 3281 ridicula
873 3220 1015 3280 Schoellii
1041 3239 1121 3280 com·

105 3318 210 3374 menta
233 3308 317 3396 (hist.
340 3318 400 3376 litt.
426 3315 475 3376 Gr.
499 3315 581 3393 Hp.
605 3320 645 3377 41
672 3317 715 3377 ed.
734 3310 844 3401 Pind.).
