2466 3832
496 138 716 202 ..73-

101 303 169 362 culo
202 303 378 363 coniunctas
410 320 475 362 esse
507 303 577 361 inde
609 301 778 380 colligitur,
816 302 897 378 quod
933 320 1034 361 omnes
1068 302 1117 361 de·

101 405 239 476 sumptae
269 405 342 460 sunt
374 419 411 458 ex
436 399 661 458 enumeratione
688 397 875 459 diversorum
904 417 979 476 quos
1008 399 1119 460 viderit

101 496 206 558 Cretes
223 498 473 574 philosophorum
491 496 634 556 instituta
651 495 683 553 in
701 493 825 553 Homeri
838 493 971 566 Νεκυίας
989 497 1118 575 speciem

101 592 151 653 nei
181 585 243 672 μὴν
271 594 396 655 εἰσεῖδον
424 597 481 655 κτλ.
527 597 664 653 tenemus
691 591 788 669 igitur
814 591 959 667 reliquias
988 592 1117 654 Cratetis

101 692 239 752 sillorum
267 692 320 768 qui
347 711 420 751 num
448 709 584 769 unquem
613 707 631 748 e
658 688 810 749 veteribus
835 689 892 747 hoo
914 689 1034 749 nomine
1057 691 1119 751 sint

102 788 249 865 appellati
277 807 348 848 sene
375 791 542 868 ignoratur.
589 779 723 845 ‘satiras'
749 805 830 863 vero,
852 786 911 844 nisi
935 786 1035 846 omnia
1061 788 1118 847 fel-

99 887 178 962 lunt‚
200 885 255 944 hos
278 885 362 945 sillos
385 886 461 944 dixit
484 885 654 962 Appuleius
679 884 731 961 qui
754 885 867 944 Florid.
887 902 911 942 c.
931 885 972 943 20
987 905 1015 959 p.
1031 886 1118 962 34‚4

99 985 228 1062 Krtlger.
261 983 394 1059 scripsit:
432 984 590 1058 Xenophon
622 980 727 1055 (canit)
759 983 910 1049 historias,
944 982 1120 1042 Xenocrates

100 1087 218 1162 satiras,
240 1082 294 1141 ubi
317 1101 372 1158 pro
397 1081 574 1141 Xenocrates
600 1099 661 1139 non
685 1079 878 1154 Xenophanes
903 1079 985 1157 quod
1008 1078 1118 1139 Caseu-

100 1179 198 1240 bonus
229 1181 341 1256 voluit,
381 1180 434 1239 sed
465 1177 567 1238 Cretes
598 1178 819 1238 restituendum
852 1197 916 1238 esse
949 1179 1120 1255 nuperrime

101 1276 192 1339 evicit
214 1277 285 1338 ΕΝ.
308 1276 445 1335 Rohdius
455 1267 488 1356 ¹).

168 1374 224 1433 His
255 1374 353 1433 tribus
381 1373 561 1449 fragmentis
589 1372 686 1430 adieci
713 1390 773 1430 non
801 1372 860 1430 nisi
888 1373 1117 1434 cunctabundus

101 1471 162 1529 trie
196 1489 274 1546 quae
306 1469 444 1544 quamvis
474 1469 591 1543 possint
619 1486 654 1526 ex
681 1467 786 1527 eodem
814 1471 905 1544 etque
932 1470 1034 1545 priore
1060 1472 1121 1530 tria

104 1567 284 1643 deprompta
306 1565 410 1623 haberi
433 1564 573 1630 carmine,
595 1567 724 1639 possunt
746 1567 849 1623 temen
873 1565 978 1624 eodem
1001 1568 1067 1627 iure
1085 1588 1121 1628 ex

103 1664 178 1739 elio;
201 1663 253 1722 sed
276 1663 429 1739 singulare
452 1679 561 1737 poema
583 1661 638 1720 hos
661 1668 766 1720 tersus
789 1662 868 1721 inter
892 1681 923 1722 se
946 1669 1027 1725 certe
1050 1685 1118 1726 con·

104 1761 222 1820 iunctos
245 1760 378 1820 effecisse
402 1759 453 1820 vix
471 1758 656 1819 crediderim.
699 1760 807 1837 quodsi
825 1761 856 1819 in
876 1763 970 1823 tentis
988 1763 1120 1824 tenebris

103 1859 250 1934 suspicari
278 1859 363 1935 licet,
391 1856 522 1918 Cratetis
546 1857 631 1918 sillos
654 1857 699 1917 ite
721 1863 910 1935 comperetos
934 1861 1028 1922 fuisse
1051 1881 1119 1923 con·

102 1956 204 2034 iciem,
242 1961 279 2017 ut
311 1957 363 2016 ille
395 1961 557 2034 postquem
589 1961 704 2016 celeres
737 1975 839 2016 omnes
870 1958 1120 2036 philosophorum

103 2060 199 2115 sectas
242 2055 449 2131 descripsisset
489 2059 696 2132 transgressus
737 2058 817 2113 esset
857 2056 896 2114 ad
936 2057 1120 2115 laudandam

101 2153 245 2229 cynicum.

170 2247 298 2306 Accedit
317 2248 395 2306 alter
408 2247 499 2305 Bion
518 2245 743 2322 Borysthenita,
762 2246 949 2306 cuiusdicta
963 2251 994 2306 et
1008 2249 1121 2325 scripte

103 2345 192 2420 plane
221 2344 357 2420 cynicum
385 2361 457 2418 pree
486 2361 517 2401 se
539 2342 619 2400 ferre
642 2341 771 2416 speciem
794 2342 856 2400 iem
879 2361 970 2419 supra
995 2334 1037 2422 (p.
1063 2337 1120 2425 67)

102 2441 176 2500 dixi:
210 2444 241 2501 et
271 2440 333 2500 fere
366 2458 482 2517 omnes,
515 2438 568 2517 qui
600 2442 670 2514 post
701 2456 749 2496 me
784 2438 820 2497 de
848 2439 942 2498 Bione
971 2440 1119 2518 dixerunt,

103 2538 226 2598 eandem
241 2536 422 2598 sententiam
438 2535 569 2613 amplexi
584 2540 668 2596 sunt:
683 2537 811 2617 Riesius,
821 2538 965 2616 Rohdius,
975 2539 1119 2598 Duemm-

48 2630 50 2632 ’
101 2637 194 2712 lerus,
217 2635 367 2696 Hirzelius
391 2627 488 2716 elii2).
532 2634 563 2693 id
586 2653 681 2694 unum
704 2654 784 2695 nunc
807 2637 894 2714 addo,
917 2657 977 2696 non
997 2641 1120 2698 recten

173 2807 199 2873 1)
218 2822 288 2859 mus.
308 2804 397 2860 Rhcn.
417 2803 464 2858 XL
483 2822 510 2874 p.
532 2808 583 2857 112
603 2820 644 2871 sq.

172 2886 200 2952 2)
219 2884 340 2954 Riesius‚
354 2884 491 2940 Varronis
506 2884 585 2938 sotir.
599 2885 695 2954 relipn.
711 2903 738 2956 p.
755 2892 784 2953 93
799 2886 935 2954 Rohdius,
950 2887 999 2943 Gr.
1009 2886 1119 2942 Roman

100 2983 127 3034 p.
149 2969 201 3020 etc
220 2964 299 3030 edn.;
318 2963 527 3029 Duemmlerus‚
546 2962 668 3019 Antistii.
687 2982 713 3033 p.
735 2971 781 3031 ‘103
801 2963 950 3034 Hirzelius,
974 2965 1079 3022 Uetere.
1093 2964 1118 3019 ll

101 3062 128 3114 p.
145 3050 179 3099 60
194 3043 258 3098 adn.
278 3049 308 3109 23
328 3043 378 3097 sed
395 3042 439 3096 Fr.
454 3041 623 3096 Fritzschius
643 3043 679 3096 ed
697 3042 813 3097 Luciani
833 3044 877 3098 sui
894 3044 949 3102 vol.
964 3045 991 3099 Π
1007 3045 1120 3115 partll

102 3122 293 3193 prolegomen.
312 3128 363 3188 ξ’(
389 3127 483 3177 nerem
505 3119 583 3175 Bion
606 3120 811 3192 Borysthenites
837 3124 924 3190 facem
950 3125 988 3179 cd
1009 3131 1120 3180 salnes

102 3204 282 3259 inveniendas
300 3203 434 3272 Menippo
448 3199 614 3270 pretulero
632 3217 704 3256 enne
721 3201 835 3257 Lucilio
852 3201 894 3257 ita
913 3203 1069 3272 quaesivit,
1088 3204 1120 3257 ut

102 3281 238 3351 quidquid
272 3282 306 3337 de
338 3284 400 3337 loto
433 3279 487 3335 hoc
519 3276 678 3334 litterarum
711 3297 814 3351 genere
842 3283 998 3337 recentiore
1025 3283 1119 3337 aetate

100 3361 295 3416 elucubratum
313 3362 351 3417 sit
368 3361 454 3430 plane
472 3359 616 3428 ignorasse
633 3359 770 3415 videnlur.
809 3364 933 3415 ceterum
947 3361 1029 3416 doleo
1044 3364 1118 3430 quod

102 3439 277 3511 Hoogvlietii
295 3440 523 3497 dissertationem
542 3441 575 3498 de
592 3438 683 3495 Bione
701 3440 829 3511 Borysth.
848 3441 945 3512 (Lngd.
960 3441 1022 3497 Bet.
1038 3444 1118 3510 1821)

102 3520 241 3590 inspicere
259 3538 316 3577 non
333 3520 422 3592 potui.
