2466 3832
505 146 725 209 „14-

172 306 218 367 De
236 308 399 368 moribus
417 309 483 368 eius
502 310 575 367 haee
594 310 657 369 fere
675 290 848 370 traduntur.
875 311 953 372 vixit
971 274 1036 371 tam
1055 331 1126 374 con·

106 406 247 485 tinenter,
265 411 302 466 ut
319 425 358 466 ne
374 408 538 484 pranderet
557 400 720 491 quintal).
749 408 831 486 quod
848 428 919 469 vero
932 409 976 468 ab
995 409 1124 472 Aeliano

107 497 186 584 (oar.
209 507 273 566 bist.
297 507 392 566 1141
417 527 446 583 p.
470 509 550 584 321,
574 508 616 565 26
641 505 686 564 ed.
709 507 825 583 Didus,
847 505 930 584 Hp.
955 510 1010 586 36,
1035 511 1053 568 3
1078 510 1124 568 ed.

107 594 238 685 Teubn.)
270 604 350 663 inter
369 595 539 679 1φιλοπότας
567 607 777 681 enumeratur,
809 604 933 665 videtur
962 606 995 664 id
1025 607 1123 684 primo

108 700 220 761 obtutu
233 719 306 761 sane
324 700 496 809 contirprari
509 699 548 760 ab
561 700 717 778 Antigono
732 699 871 778 Carystio
885 703 1031 780 Diogenis
1050 691 1124 782 quo·
1156 760 1159 766 .

107 798 177 858 dam
204 801 270 860 loeo
295 789 405 879 (110),
431 797 487 856 ubi
512 798 630 875 legitur
655 781 696 875 ἦν
719 794 766 874 δέ,
793 795 888 876 φησὶν
910 792 926 859 ὃ
947 794 1125 881 Ἀντόμονος,

105 894 155 956 παὶ
183 888 390 973 φιλοπότης.
433 895 486 955 sed
513 894 684 953 accuratius
713 895 916 955 consideranti
943 899 1048 956 statim
1071 918 1125 975 ap·

104 991 225 1069 parebit
235 991 364 1051 ,Aeliani
380 991 557 1050 memoriam
579 993 677 1050 totam
698 992 821 1076 fluxisse
838 1012 877 1051 ex
894 994 1125 1055 narratiuncula

105 1089 256 1150 Athenaei
270 1089 298 1146 X
310 1109 340 1165 p.
354 1087 436 1148 '438⁸
454 1107 550 1166 eaque
568 1089 648 1146 male
670 1082 875 1172 insensera2);
897 1109 968 1149 nam
992 1091 1126 1152 efficitur

106 1184 176 1244 inde
196 1186 381 1244 contrarium
397 1186 511 1262 potius,
529 1185 726 1262 philosophos
743 1187 898 1264 Lacydam
916 1191 947 1246 et
966 1188 1123 1248 Timonem
1191 1217 1192 1221 ,

104 1283 232 1358 potandi
253 1282 390 1342 insuetos
413 1284 512 1342 solum
538 1283 670 1359 tempori
696 1286 821 1345 cessisse
846 1288 881 1344 et
908 1303 939 1344 se
967 1286 1006 1344 ad
1034 1285 1124 1344 amici

104 1380 234 1456 hospilis
247 1380 438 1440 voluntatem
452 1380 654 1441 conformasse
667 1399 737 1441 eum
750 1383 782 1440 in
794 1382 850 1442 illo
869 1383 1007 1444 convivio
1023 1383 1124 1442 acrius

104 1475 256 1554 biberent3
274 1477 419 1556 Diogenis
439 1481 542 1538 autem
559 1479 662 1538 Iocum
680 1483 858 1557 corruptum
872 1499 936 1540 esse
951 1475 1124 1540 accuratius

104 1573 186 1654 infra
204 1573 392 1652 docebimus;
410 1575 539 1653 denique
557 1576 711 1636 hominem
728 1581 793 1636 tam
813 1576 949 1649 sobrium
967 1581 998 1636 et
1012 1578 1122 1636 durum

105 1671 169 1731 vini
198 1671 441 1730 amantissimum
472 1672 566 1732 fuisse
598 1675 762 1733 admodum
793 1675 1035 1751 improbabiliter
1061 1679 1123 1733 sta-

104 1769 212 1828 tultur.

106 1884 321 1899 *nn——

178 1939 205 2008 1)
220 1937 260 1992 ef.
271 1936 445 2007 Antigonum
455 1936 613 2006 Caryatium
627 1938 702 2007 apud
710 1937 792 2007 Diog.
805 1943 856 1993 114
864 1933 940 1997 ,ἀλλά
956 1937 1006 1992 ccl
1021 1933 1123 2005 εόρους
1181 1998 1183 2002 ,

105 2015 176 2088 (scil.
196 2008 232 2086 ἦν
249 2019 355 2087 Τίμων)
375 2015 412 2080 ὡς
430 2015 501 2088 μηδὲ
521 2011 638 2086 ἀριστᾶν
658 2025 812 2087 συγχωρεῖν
832 2017 883 2088 (eie
900 2018 937 2085 B,
956 2021 1122 2086 συγχρονεῖν

105 2095 251 2168 Arar).
271 2097 316 2152 ’ἂν
335 2092 475 2152 sententia
492 2114 549 2151 non
567 2096 711 2152 dubitabis
729 2100 861 2168 reputans
876 2097 1045 2153 severiorum
1059 2096 1121 2166 phi-

106 2177 287 2247 losophorum
306 2179 434 2232 veterum
450 2176 667 2247 temperantiam
690 2179 763 2233 hanc
784 2177 872 2232 fuisse
895 2177 1066 2248 peculiarem
1088 2179 1123 2230 ut

104 2255 224 2325 prandio
245 2256 435 2312 abstinerent:
462 2257 540 2312 velut
561 2256 638 2326 apud
662 2256 805 2329 Aristoph.
823 2259 898 2314 Neo.
918 2263 971 2313 416
995 2256 1121 2311 Nubium

106 2336 207 2391 chorus
235 2335 359 2392 Socratis
390 2336 543 2408 imaginem
571 2338 741 2394 adumbrans
772 2337 842 2393 dIcit
869 2335 1026 2408 StrepeIadi
1053 2332 1119 2406 μήτ’

106 2412 225 2482 ἀριστᾶν
240 2412 392 2486 ἐπιθυμεῖς
408 2417 438 2471 et
451 2416 563 2472 Persius
578 2422 630 2473 sat.
646 2418 734 2474 11186
753 2417 937 2488 philosophos
956 2415 1121 2471 irridentem

103 2494 175 2550 facit
193 2495 387 2550 centurionem
405 2497 546 2564 quendam
563 2497 608 2550 his
628 2498 732 2553 verbis:
754 2498 815 2552 ‘cur
832 2498 965 2565 quianon
982 2496 1122 2565 prandeat

104 2574 158 2629 hoc
173 2575 245 2629 est?’
268 2571 370 2645 εὔρους
385 2591 451 2630 sano
464 2577 561 2646 inepte
574 2577 696 2632 Mericue
712 2577 891 2632 Casanbonus
905 2576 1119 2646 interpretatum

105 2658 267 2724 corruptum
287 2657 331 2710 est
347 2656 446 2724 procul
464 2655 559 2723 dubio,
579 2673 641 2710 cum
655 2656 800 2712 nettonem
815 2652 930 2718 εὔκολος
948 2655 994 2710 vel
1008 2651 1122 2724 στερρός

104 2733 198 2803 potius
217 2734 419 2790 desideremus:
438 2735 493 2790 fuit
510 2733 629 2792 fortasse
648 2730 795 2806 εὔρωστος.

175 2815 203 2882 2)
221 2810 354 2883 Λακύδης
370 2813 402 2870 δὲ
417 2815 467 2870 καὶ
480 2817 576 2886 Τίμων
591 2813 621 2871 οἱ
633 2811 786 2885 φιλόσοφοι
799 2813 958 2884 ,κληθέντες
972 2810 1042 2884 πρός
1056 2832 1121 2867 τινα

103 2892 160 2946 τῶν
178 2894 326 2964 γνωρίμων
346 2890 465 2950 dulcido
484 2891 591 2965 ἡμέρας
609 2895 659 2950 uel
678 2891 885 2969 βουλόμενοι
910 2891 1120 2964 συμπεριφέ-

104 2976 231 3039 ρεσθαι
258 2981 329 3036 τοῖς
356 2976 527 3044 παροῦσιν
552 2973 649 3030 ἔπινον
671 2973 895 3046 προθυμότερον.
933 2975 966 3046 τῇ
991 2971 1044 3043 μὲν
1068 2963 1144 3027 odo*

103 3049 199 3123 πρώτῃ
215 3053 281 3108 σοῖν
303 3049 417 3125 ἡμερῶν
436 3051 451 3110 ὁ
471 3051 604 3125 Λακύδης
627 3049 715 3127 ἀπῄει
736 3049 872 3125 πρότερος
896 3050 1121 3113 ἐπιπολάσαντος

104 3127 180 3205 αὐτῷ
198 3133 249 3187 που
267 3134 365 3189 ποτοῦ.
394 3131 474 3190 καὶὸ
492 3135 587 3204 Τίμων
607 3129 680 3204 ὁρεόν
700 3132 788 3190 αὐτὸν
807 3130 930 3189 ἀπιόντα
948 3130 1016 3201 ἔφη·
1039 3129 1120 3200 ’ἠρό-

104 3215 182 3281 proc
201 3212 274 3282 μόνα
293 3215 392 3281 κῦδος,
416 3211 579 3284 ἐπέφνομεν
591 3209 713 3285 Ἕκτορα
733 3215 807 3271 δῖον’
830 3215 872 3282 (Il.
891 3212 918 3265 X
936 3213 1005 3281 398).
1034 3213 1067 3282 τῇ
1089 3205 1117 3264 δ’

104 3287 239 3368 ὑστεραίᾳ
266 3292 456 3363 προαπιόντος
482 3295 533 3348 τοῦ
560 3296 687 3365 Τίμωνος
715 3292 763 3350 διὰ
788 3291 820 3349 τὸ
849 3290 892 3362 μὴ
919 3291 1120 3359 δυνηθῆναι

105 3366 241 3426 ἐκπιεῖν
260 3372 322 3444 τὴν
340 3380 584 3444 προποθεῖσαν
604 3368 694 3448 αὐτῷ
713 3371 850 3441 attero,
870 3367 1119 3438 transmeante

103 3445 194 3505 αὐτὸν
214 3447 400 3527 ἐπανάγοντα,
416 3454 490 3512 εἷπε·
512 3449 669 3523 ‘dandene
683 3452 759 3509 δότε
774 3454 875 3514 παῖδες
893 3447 951 3521 ἐμῷ
972 3450 1052 3519 με’νει
1071 3448 1119 3504 ἀν-

104 3523 230 3584 τιόωσιν
252 3532 294 3600 (Il.
316 3537 337 3585 Z
358 3538 426 3605 127).
455 3536 495 3591 Cf.
516 3533 603 3597 etiam
622 3534 761 3591 Hirzelius
778 3532 873 3588 Herm.
893 3529 985 3587 XVIII
1002 3549 1029 3599 p.
1048 3536 1071 3584 1.
