2466 3832
521 139 743 204 -62-

127 305 266 366 secundis
289 297 403 384 euno)
427 320 489 362 una
512 321 581 361 oum
605 302 738 362 Seidlero
762 302 869 362 incidit
891 303 922 360 in
945 302 1023 360 hano
1045 307 1145 362 muta-

127 404 240 463 tionem
272 395 353 477 ιιοιρᾶ
380 393 546 475 Ξενοφάνει
577 396 611 459 ἒν
643 390 674 457 δ’
703 403 762 460 τῶν
790 399 908 459 σίλλων·
937 398 968 459 εἴ
989 391 1055 482 κη)
1082 397 1146 460 ἔπι-

126 493 269 577 septaes
296 501 368 575 aul,
401 515 477 574 quae
507 497 533 555 si
560 496 727 590 probabilis
756 501 834 557 esset
857 498 1030 557 coniectura
1053 498 1145 557 simul

126 597 300 657 doceremur
334 613 352 653 a
379 594 562 671 Xenophane
595 598 675 654 eerte
708 598 856 672 quattuor
883 595 1021 653 sillorum
1049 595 1143 655 libros

127 713 190 753 esse
224 693 359 769 scriptos.
404 709 562 768 perperam
594 690 722 768 denique
744 690 852 768 parodi
875 692 1033 750 cuiusdam
1055 692 1144 752 hexa-

125 794 237 850 metros
264 809 282 848 a
305 789 429 865 Gelono,
447 793 586 863 protrept.
611 806 635 846 o.
661 790 701 847 13
726 791 860 848 servatos
888 788 927 846 ad
949 788 1143 865 Xenophanis

127 889 212 947 sillos
240 888 428 947 rettulerunt
454 885 604 963 Bergkius
632 888 663 944 et
691 876 981 965 Sohneidewinus³)‚
1014 905 1144 962 quorum

127 985 298 1059 opinionem
316 1001 415 1059 nuper
433 981 607 1041 certissimis
627 982 813 1059 argumentis
832 982 961 1058 explosit
974 974 1141 1063 Orestem).

190 1079 380 1156 Quamquam
408 1097 478 1156 ergo
502 1079 538 1137 de
561 1096 676 1138 oonexu
693 1079 887 1155 Xenophanis
907 1079 1045 1138 sillorum
1062 1078 1141 1136 nihil

127 1177 201 1237 oerti
223 1179 326 1252 potest
348 1176 485 1252 proferri,
509 1175 541 1233 id
558 1178 660 1234 tamen
679 1194 823 1252 apparere
842 1179 927 1252 puto,
949 1175 1142 1251 Xenophanis

125 1274 210 1333 sitlos
229 1273 406 1350 simpliciter
423 1276 545 1333 tantum
565 1273 729 1333 didaotioos
748 1273 842 1332 fuisse
861 1291 958 1349 neque
976 1273 1008 1352 in
1025 1273 1141 1347 epicam

125 1373 254 1432 formam
276 1371 423 1430 redactos.

192 1467 333 1529 Ceterum
357 1468 458 1527 extitit
480 1459 609 1548 nuper⁵)
633 1468 687 1545 qui
708 1468 740 1525 in
758 1467 952 1544 Xenophanis
976 1466 1052 1525 sillia
1072 1484 1141 1525 oon-

124 1566 262 1626 tenderet
284 1585 337 1642 per
361 1568 496 1624 saturam
519 1565 700 1625 hexametris
723 1565 876 1623 immixtos
895 1564 989 1623 fuisse
1008 1564 1141 1624 senarios

124 1663 282 1732 iambicos:
308 1662 394 1720 ouius
417 1662 460 1719 rei
484 1679 579 1720 unum
602 1663 773 1739 exemplum
796 1660 854 1720 sibi
875 1661 1036 1738 indagasse
1058 1662 1141 1722 visus

125 1765 172 1819 est
202 1761 234 1818 in
266 1759 438 1835 fragmento
470 1758 551 1833 quod
583 1759 697 1835 legitur
727 1758 808 1835 apud
836 1757 1020 1817 Clementem
1047 1757 1141 1836 Alex,

124 1863 221 1916 strom.
241 1855 269 1911 V
290 1857 342 1930 14,
366 1856 428 1913 109
448 1874 476 1929 p.
498 1856 571 1932 256,
594 1857 636 1914 47
658 1854 749 1931 Sylb,
772 1876 800 1932 p.
822 1857 885 1915 714
904 1854 984 1913 Pott.
1009 1847 1054 1936 (et
1072 1854 1141 1914 inde

125 1952 207 2030 apud
233 1950 413 2027 Eusebium,
434 1967 539 2026 praep.
563 1969 662 2026 eoanp.
685 1953 761 2012 XHI
786 1954 841 2031 13,
866 1954 906 2012 36
930 1972 959 2027 p.
985 1943 1077 2029 678⁶,
1105 1973 1142 2011 ex

125 2165 211 2236 (quod
228 2167 330 2236 postea
348 2180 462 2235 prorsus
479 2163 598 2233 respuit)
622 2164 668 2219 vel
684 2159 876 2233 Ἀριστοφάνει
900 2158 931 2219 ἐν
949 2162 1141 2233 Αἰολοσίκωνι,

124 2245 199 2316 quod
216 2243 350 2317 probavit
367 2243 498 2299 Lehrsius
516 2261 544 2314 p.
566 2249 599 2300 17
619 2245 648 2299 et
665 2243 728 2314 ipse
745 2241 907 2298 Diodorfius
925 2243 1040 2300 iteravit
1057 2244 1088 2298 in
1105 2245 1139 2301 tr.

123 2324 267 2396 Aristoph.
285 2342 313 2380 n.
334 2330 386 2379 123
405 2327 484 2394 (poet.
504 2339 574 2380 acea.
594 2323 636 2378 ed.
657 2322 771 2392 quintae
788 2341 816 2392 p.
838 2325 909 2392 193).

196 2409 222 2473 1)
250 2405 280 2460 in
305 2405 399 2458 adnot.
422 2404 459 2458 ad
483 2402 570 2459 sohel.
594 2402 747 2472 Aristoph,
775 2403 856 2471 equit.
876 2407 929 2458 408
957 2401 988 2456 in
1010 2401 1076 2458 edit
1096 2401 1140 2456 In-

123 2485 226 2540 verniz.
244 2484 300 2539 vol.
320 2483 372 2537 XII
390 2500 417 2553 p.
437 2488 498 2539 465.

194 2567 222 2630 2)
240 2564 293 2616 καί
308 2558 337 2616 σι’
357 2562 430 2631 legit
452 2560 612 2614 Dindorfiue
635 2559 666 2615 in
684 2559 771 2613 Arist.
789 2559 822 2612 tr.
841 2560 860 2613 l.
881 2576 916 2626 e.;
944 2559 1050 2629 potaris
1074 2555 1139 2616 κᾶν.

195 2644 223 2707 3)
251 2640 389 2710 Bergkius
422 2639 452 2693 in
481 2635 630 2694 ‘clarescat
659 2633 800 2692 Museum'
829 2638 869 2692 III
897 2640 989 2708 (1846)
1016 2657 1044 2707 p.
1074 2644 1139 2706 11⁷3

124 2719 351 2775 Schneidewinus
370 2719 399 2773 in
417 2736 481 2774 nov.
500 2736 570 2773 mus.
589 2717 677 2772 Rhem
698 2718 737 2772 IV
754 2735 781 2786 p.
801 2723 854 2772 29⁷
873 2735 913 2786 sq.

193 2799 222 2867 4)
241 2796 271 2852 in
289 2814 360 2852 mus.
379 2796 467 2852 Rhen.
487 2796 603 2852 XXXIX
620 2815 649 2866 p.
665 2801 717 2851 tes
737 2813 807 2866 sqq,
825 2796 875 2852 ubi
893 2796 947 2853 hoo
966 2812 1078 2852 carmen
1095 2795 1138 2850 di-

124 2877 266 2933 daotioum
284 2875 435 2932 Plutarcho
453 2875 560 2932 tribuit.

195 2959 222 3027 5)
242 2955 475 3011 Wilamowitaiue
494 2956 512 3010 l.
532 2973 563 3026 s,
581 2972 666 3025 quem
683 2955 770 3010 miror
787 2955 940 3011 inhumane
960 2954 1067 3012 saevire
1085 2971 1134 3011 vo-

123 3037 209 3093 luisse
223 3036 253 3091 iu
262 3032 367 3092 ‘virum
381 3031 506 3091 dootum’
523 3036 672 3104 quendam,
687 3036 736 3103 qui
751 3038 848 3091 tamen
861 3031 987 3091 ‘doetus’
1003 3035 1054 3090 illo
1067 3038 1138 3091 tem·

122 3134 191 3189 pore
210 3133 270 3173 esse
288 3132 340 3171 neo
358 3113 453 3186 potuit
469 3131 521 3171 neo
539 3114 638 3185 voluit,
657 3133 692 3170 ne
707 3111 775 3172 ‘vir'
796 3114 910 3186 quidem
923 3114 988 3184 fuit,
1007 3114 1057 3170 sed
1070 3115 1139 3170 adu·

123 3196 293 3252 leseentulus
304 3195 442 3250 bonarum
453 3194 610 3251 litterarum
623 3194 771 3251 studiosus.
783 3198 907 3251 ceterum
914 3196 975 3266 ipae
982 3194 1138 3265 castigator

122 3295 179 3333 non
196 3278 272 3332 reete
291 3274 363 3329 dixit
380 3274 570 3346 fragmentum
588 3275 660 3330 illud
680 3275 755 3345 apud
768 3275 964 3330 Aristobulum
982 3272 1055 3344 legi3
1073 3272 1137 3329 Ari·

123 3355 228 3411 stobuli
246 3355 407 3425 exeerptum
424 3354 500 3409 intra
517 3355 586 3409 fines
605 3359 687 3420 §10⁷
706 3371 735 3409 ee
748 3352 888 3409 continuit
902 3353 950 3422 (of.
963 3349 1075 3423 Enseb,
1089 3369 1136 3423 pr.

123 3451 161 3493 ιο.
180 3434 245 3490 XIII
265 3439 306 3504 12,
327 3439 431 3490 13—16
449 3452 476 3502 p.
496 3432 668 3489 atil—668⁸
682 3432 906 3501 attererentur,
925 3433 1137 3490 temeritato

119 3533 149 3583 p.
172 3514 240 3583 10⁵1).
