2466 3832
514 189 551 199 -
603 152 665 218 168
715 189 753 198 -
1013 173 1146 217 runrocus

125 314 235 400 κράτης
262 313 336 380 κατά
362 339 394 399 γε
422 312 491 390 τοὺς
518 312 626 390 ἀλλους
649 310 741 377 αὐτοῦ
764 315 944 397 γνωρίμους,
972 313 1030 395 εἴγε
1053 313 1102 375 καλ
1128 309 1147 376 ό

127 411 273 501 Ξενοφῶν
291 413 323 476 έν
343 420 403 488 τοῖς
421 396 704 495 ἀπομνημονεύμασι
724 413 817 496 ῥητῶς
835 430 929 491 φησιν
943 405 1145 493 ἀπαρνεῖσθαι

127 507 217 575 αὐτόν
248 507 280 574 τό
313 506 443 592 φυσικόν
475 505 515 585 ὦς
547 504 621 590 ὑπέρ
652 503 731 590 ἡμᾶς
762 504 945 589 καθεστηκὸς
972 507 1022 570 καὶ
1050 505 1147 588 μόνον

126 606 275 691 σχολάζειν
306 614 346 696 τῷ
377 603 476 694 ἠθικῷ
505 602 545 682 ὡς
572 602 646 690 πρὸς
673 601 751 686 ἡμᾶς
779 603 849 668 όντι.
895 609 1030 668 τοιοῦτον
1053 601 1148 669 αὐτὸν

125 702 187 770 οἶδε
213 706 263 769 κοιλ
292 701 308 770 ὁ
334 708 448 787 Τέμων,
481 705 514 767 έν
541 700 585 780 οἷς
613 722 706 784 φησιν
735 704 788 766 «έκ
817 698 846 764 δ’
872 699 930 782 ἀρα
956 736 993 746 -
1020 702 1143 784 ἐννομο-

125 803 264 886 λέσχης»,
289 804 435 868 τουτέστιν
458 798 517 866 ἀπὸ
540 807 599 864 τῶν
622 806 760 882 φυσικῶν
783 800 831 864 έπλ
854 796 907 880 τὴν
929 796 1044 882 ἠθικὴν
1066 809 1143 864 θεω-

125 906 205 984 ρλαν·
235 898 281 965 διὸ
308 901 359 963 καὶ
387 896 622 981 ’έννομολέσχηξ
646 898 847 981 προσέθηκεν,
874 894 924 960 ἀτε
953 903 1005 961 τοῦ
1033 894 1147 979 ἠθικοῦ

128 999 234 1081 μέρους
257 996 342 1072 ὄντος
364 1002 416 1061 τοῦ
439 996 505 1077 περλ
527 991 629 1078 νόμον
652 995 848 1079 διαλέγεσθαι.

198 1153 224 1189 v.
245 1139 259 1186 1
280 1129 433 1188 ἀπέκλινεν
453 1128 467 1187 ὃ
487 1129 587 1199 λαξόος
600 1131 731 1188 Meineke
748 1147 798 1202 per
811 1131 921 1186 litteras
937 1133 966 1185 et
978 1131 1077 1200 philol.
1093 1129 1145 1184 XV

128 1240 154 1292 p.
176 1227 241 1276 333:
260 1216 394 1276 ἀπέκλινε
414 1216 531 1287 λαοξόος
550 1218 645 1288 clem,
666 1219 750 1288 Sext,
769 1214 903 1274 ἀπέκλινε
924 1215 1087 1288 (ἀπέκλινεν
1106 1218 1146 1287 Β)

127 1309 261 1376 λιθοξόος
274 1310 366 1365 Laert.
383 1311 388 1378 1
405 1304 608 1380 ἐννομολέσχης
627 1309 722 1377 Clem,
738 1308 822 1376 Sext,
835 1308 928 1363 Laert.
941 1307 1075 1363 BFGH
1084 1325 1147 1377 mrg

127 1399 196 1469 Pe:
217 1395 402 1469 ένομολέσηης
420 1398 513 1471 Laert.
528 1398 568 1467 H,
587 1393 792 1469 εάνομολέσχης
810 1397 904 1451 Laert.
925 1395 984 1451 cod.
1001 1395 1147 1466 Stephani,

126 1487 246 1543 Vindob.
268 1493 332 1556 106,
352 1481 569 1557 ένναιμολέσχης
587 1487 679 1543 Laert.
701 1487 745 1553 M,
771 1482 974 1557 ένμονολέσχον
992 1485 1086 1541 Laert.
1107 1486 1145 1552 V;

128 1567 167 1629 ἀν
178 1572 350 1645 νομολέσχης
360 1575 475 1644 quidam
490 1575 526 1629 ad
537 1572 623 1629 Olem.
638 1575 647 1643 ΙΙ
661 1580 709 1629 v.2
719 1570 873 1645 ἀποφήνας
883 1575 974 1630 haere.
985 1574 1106 1645 GHPQ
1113 1575 1146 1630 V:

127 1658 280 1733 ἀποφήνας
293 1663 322 1717 B
327 1663 358 1718 F
368 1665 378 1732 ss
392 1683 417 1719 v.
433 1669 449 1717 3
464 1660 673 1733 ρἠτορομυκτής
690 1659 807 1726 Ἀττικός
820 1664 1022 1732 Hemstsrhuys
1041 1664 1077 1719 ad
1091 1663 1146 1718 Lu—

130 1751 201 1806 cian.
216 1751 281 1805 dial.
292 1750 442 1805 mortVIS
452 1750 455 1821 λ
467 1746 674 1820 ῥητορόμυκτος
683 1750 908 1806 Aldobrandina:
920 1747 1146 1822 ὁητορομάκεονς

128 1840 165 1906 Β,
185 1835 385 1908 ἀητορόμικτος
400 1837 499 1892 ΓΘΗ
503 1840 539 1892 Μ
542 1839 631 1910 PQV
643 1839 764 1894 vindob.
781 1846 832 1894 106
852 1841 880 1894 et
896 1841 921 1908 ἡ
942 1837 1146 1910 ὁητορόθικτος

131 1927 261 1982 Meinehe
279 1926 377 1997 philol.
397 1925 448 1981 XV
466 1945 494 1996 p.
514 1933 579 1994 334,
604 1924 798 1997 ῥητορομῶκος
816 1927 942 1983 Ribbeck
966 1947 1036 1984 mus.
1056 1931 1145 1986 Rhen.

131 2016 223 2072 XXXI
233 2034 259 2085 p.
271 2021 323 2071 386
340 2015 344 2087 Ι
361 2010 516 2078 ὑπαστικός
530 2015 641 2086 scripsit
656 2011 794 2079 ὑπατικός
806 2016 854 2084 P¹,
868 2013 1022 2080 ὑπαττικὸς
1036 2035 1105 2074 corr.
1115 2018 1146 2074 in

131 2102 305 2174 dnuttuch,
318 2101 608 2166 duottruch'ceteri
617 2105 695 2172 libri;
711 2100 999 2175 dpptveudsMeineke
1009 2107 1052 2162 l.s.
1059 2126 1087 2177 p.
1094 2112 1148 2162 333

196 2275 291 2316 cona.
329 2256 365 2314 ln
387 2255 487 2316 triviis
511 2255 706 2315 decantatum
730 2257 787 2333 est,
812 2255 893 2332 quod
916 2257 1146 2334 Xenophontem

130 2358 252 2415 secutus
281 2353 383 2414 Cicero
417 2353 502 2428 dixit,
531 2352 686 2411 Socratem
716 2353 849 2428 primum
875 2353 1100 2431 philosophiam
1128 2375 1149 2415 a

128 2453 219 2513 rebus
241 2451 383 2529 physicis,
406 2449 438 2506 in
462 2447 572 2524 quibus
597 2466 697 2507 omnes
721 2453 790 2509 ante
813 2468 883 2509 eum
904 2450 1079 2528 philosophi
1098 2470 1147 2512 oc·

130 2550 235 2627 capati
252 2550 385 2622 fueumt,
405 2563 545 2606 evocasse
565 2548 596 2604 et
613 2546 760 2606 advitam
774 2557 963 2607 communem
977 2547 1148 2628 adduxisse,

128 2649 165 2705 ut
194 2646 230 2704 de
257 2641 425 2703 virtutibus
454 2643 484 2699 et
510 2641 595 2701 vitiis
624 2628 805 2721 omninoque
833 2645 868 2703 de
892 2644 978 2704 bonis
1000 2644 1093 2706 rebus
1116 2651 1152 2708 et

130 2741 219 2800 malis
248 2740 415 2815 quaereret.
461 2737 565 2814 itaque
593 2739 649 2798 hcc
677 2744 793 2800 certum
821 2745 879 2819 est,
909 2742 1009 2803 verbis
1032 2739 1065 2802 ἔκ
1087 2746 1148 2804 τῶν

129 2831 265 2897 ἀπέκλινε
299 2827 340 2915 (v.
370 2825 404 2914 1)
434 2833 588 2894 Socratem
620 2836 680 2895 dici
712 2857 730 2896 a
761 2839 893 2915 physicis
926 2839 1081 2900 deflexisse
1109 2840 1149 2901 ad

130 2934 242 3009 ethica,
280 2934 438 3008 praeterea
470 2932 679 2993 confirmatum
712 2935 823 2996 diserto
855 2937 1029 2997 testimonio
1063 2939 1150 2998 Sexti

131 3030 354 3106 Clementisque
392 3020 529 3109 (prorsus
565 3050 636 3091 vero
675 3033 776 3109 opinio
812 3034 924 3094 fefellit
960 3035 1151 3114 Vssingium,

129 3129 237 3188 ausen
258 3131 291 3186 λκ
310 3125 469 3186 Θνιεολικλ
492 3149 520 3204 p.
542 3119 611 3210 36):
636 3130 814 3190 crediderim
831 3135 933 3191 tamen
951 3134 1011 3192 τῶν
1028 3151 1150 3193 mascu-

130 3224 194 3302 lini,
217 3244 278 3284 non
300 3225 439 3284 neutrius
463 3225 580 3303 generis
604 3244 667 3285 esse
687 3231 719 3286 et
737 3231 872 3305 spectare
891 3229 930 3288 ad
947 3229 1030 3306 ipsos
1048 3231 1150 3307 philo-

131 3323 240 3400 sophos
268 3323 396 3400 priores,
426 3342 555 3399 quorum
585 3342 704 3383 omnem
726 3325 817 3384 istam
841 3326 1081 3402 disputationem
1102 3347 1152 3389 re·

129 3419 202 3480 iecit
226 3419 372 3479 Socrates.

192 3510 301 3589 λαξόος
325 3515 461 3595 verbum,
485 3520 567 3576 certe
590 3518 798 3579 emendatione
816 3523 854 3579 ut
871 3523 968 3580 metro
987 3506 1166 3597 satisfieret,
