2466 3832
495 173 532 182 -
583 135 646 201 158
695 172 732 181 -
994 159 1122 202 umorue

105 300 345 381 philosophando
365 302 560 363 obtinendum
574 292 629 381 (ὡς
646 331 683 340 -
700 290 1001 380 ἆμφοτερόβλεπτος);
1016 299 1124 361 deinde

105 400 215 478 pergit,
246 418 332 460 secus
363 404 466 460 iumen
493 398 552 459 sibi
578 416 642 457 rem
674 397 797 457 cessisse
829 395 903 454 dum
929 395 1012 455 inter
1039 398 1125 459 vivos

107 500 186 558 esset
218 488 317 578 (δολίῃ
344 491 373 557 δ’
399 491 461 582 ὁδῷ
488 486 708 575 esconium),
736 498 768 554 ei
795 493 900 554 suum
927 493 1024 554 edicit
1054 513 1123 555 esu·

107 612 171 653 som
203 613 263 672 que
293 595 410 654 fecium
441 594 494 671 sit,
527 598 563 654 ui
595 592 696 669 opinio
723 592 824 667 ipsum
850 591 997 651 fefelleris
1025 584 1124 674 (ὅππη

106 685 171 770 γὰρ
194 685 267 752 νόον
289 687 446 770 εἰρόσαιμι,
468 684 606 752 ἀνελύετο
628 682 715 771 κτλ.)η
737 690 842 766 itaque
865 689 946 748 inter
966 683 1056 768 ὅππη
1070 685 1125 770 γὰρ

106 792 138 851 et
165 783 357 867 ἐξαπατηθην
382 789 460 848 nihil
487 788 568 866 quod
591 787 845 848 constructionem
867 786 1009 848 turbaret
1030 788 1126 849 inter·

104 887 178 963 poni
208 887 318 963 potuit.
369 886 537 947 necessario
569 886 666 964 igitur
698 886 737 945 cd
768 875 962 961 ἐξοπατήθην
991 887 1124 947 referen-

106 985 179 1044 dum
197 987 243 1043 esi
260 980 308 1042 cci
329 977 557 1061 ἆπενθήριστος;
580 984 612 1042 in
631 982 741 1060 quibus
759 981 833 1059 ipsis
852 980 953 1041 verbis
972 985 1126 1060 corruptis

106 1083 203 1142 altere
230 1080 394 1140 diffiouccs
422 1081 509 1141 inest.
555 1080 599 1140 eis
627 1099 705 1159 quae
734 1099 752 1139 e
778 1079 931 1158 plerisque
955 1080 1126 1143 intruditur

106 1179 257 1240 sententie
287 1178 378 1254 plane
406 1175 482 1237 mihi
508 1177 709 1238 intolerabilis
735 1177 864 1238 videtur.
915 1195 1016 1254 neque
1044 1179 1124 1238 enim

104 1276 208 1354 potuit
247 1276 448 1353 Xenophanes
490 1275 673 1354 generaliter
711 1293 743 1335 se
779 1275 999 1351 reprehendere
1042 1276 1124 1354 quod

106 1375 219 1435 omnis
256 1356 532 1451 circumspectionis
569 1373 739 1433 incuriosus
775 1362 869 1432 fuerit
904 1372 954 1434 vel
985 1372 1127 1450 ignarus.

104 1473 196 1532 immo
228 1492 288 1533 non
320 1473 419 1532 solum
447 1470 552 1532 debuit
578 1471 699 1532 laudari
726 1490 744 1530 c
767 1470 899 1547 sceptico
921 1469 1122 1548 philosophus

106 1571 159 1648 qui
183 1562 233 1651 (fr.
250 1573 291 1629 14
305 1562 358 1652 Κ.)
382 1570 509 1631 edixerit
530 1565 580 1629 καὶ
602 1562 635 1629 τὸ
658 1564 712 1646 μὲν
735 1557 791 1629 οὖν
814 1563 906 1644 σαφὲς
929 1561 967 1627 οὔ
984 1589 1029 1641 τις
1046 1563 1124 1648 ἀνὴρ

105 1661 196 1747 γένετ’
223 1660 294 1728 οὐδέ
315 1689 357 1739 τις
379 1667 457 1727 ἔσται
478 1666 482 1740 Ι
503 1658 599 1742 εἶδός,
622 1659 700 1744 ἀμφὶ
722 1667 805 1725 θεῶν
826 1686 856 1725 τε
878 1661 928 1724 καὶ
950 1659 1029 1725 ὅσσα
1049 1663 1123 1747 λέγω

105 1761 173 1844 περὶ
199 1759 331 1825 πάντων·
362 1763 367 1835 l
397 1763 424 1823 εἰ
448 1756 505 1843 γὰρ
532 1760 582 1823 καὶ
609 1756 643 1823 τὰ
670 1756 793 1841 μάλιστα
819 1756 901 1840 τύχοι
922 1759 1139 1841 τετελεσμένον»

106 1854 209 1936 εἰπόν,
234 1861 239 1934 Ι
263 1853 351 1932 οὗτός
374 1854 454 1938 ὅμως
477 1853 533 1920 οὐκ
556 1853 630 1920 οἶδε’
655 1853 742 1931 δόντος
765 1853 793 1918 δ’
819 1855 867 1918 ἐπὶ
889 1861 961 1918 πᾶσι
983 1857 1124 1936 τέτυκται,

104 1958 160 2022 sed
187 1957 372 2034 amplissimo
395 1958 508 2017 honore
530 1962 688 2035 iamquom
710 1957 842 2016 Tiresias
865 1958 944 2016 alter
966 1949 1008 2038 (v.
1033 1977 1127 2035 supro

105 2079 134 2135 p.
150 2048 208 2138 47)
227 2077 246 2117 e
264 2041 448 2135 sillographo
468 2060 593 2116 ornatus
612 2059 666 2115 est.
700 2055 819 2114 sedhic
837 2055 1020 2116 describitur
1032 2051 1126 2119 Ξενο-

107 2149 207 2233 φόνης
231 2150 285 2234 μὲν
306 2151 374 2234 περὶ
396 2148 517 2214 πάντων
538 2146 706 2232 ἠπορηκοός,
730 2151 906 2232 δογματίσας
929 2149 962 2212 δὲ
980 2147 1076 2231 μόνον
1092 2147 1126 2214 τὸ

106 2245 181 2314 εἶναι
197 2247 293 2314 πάντα
307 2249 339 2313 ἕν
353 2257 389 2313 ut
402 2252 501 2315 verbis
517 2251 625 2312 Geloni
638 2252 707 2312 hist.
721 2250 795 2328 phil.
812 2254 829 2309 7
844 2271 873 2327 p.
885 2253 959 2329 604,
972 2255 1012 2311 17
1027 2252 1121 2312 Diels.

106 2355 184 2411 utar.
222 2353 327 2430 iisque
350 2351 502 2411 sententie
524 2350 597 2409 ielis
619 2351 682 2410 fere
706 2351 895 2426 expectetur:
924 2343 1122 2428 ‘quemquem

106 2469 162 2528 ego
200 2454 300 2511 aetate
336 2451 498 2525 provectus
531 2439 564 2527 (i.
593 2466 617 2505 e.
648 2447 793 2507 diuturno
827 2465 886 2506 usu
917 2438 1059 2528 edoctus)
1091 2451 1123 2507 et

97 2547 203 2607 ”omnis
235 2546 401 2624 sapientise
434 2543 674 2606 studiosissimus
700 2544 759 2621 fui,
791 2546 894 2604 tumen
920 2545 965 2604 rei
991 2545 1121 2605 fallaciis

105 2644 250 2720 deceptus
282 2636 370 2702 sum'.
424 2646 558 2702 ceterum
590 2639 681 2700 simul
712 2640 759 2700 his
790 2642 890 2702 verbis
923 2641 1121 2721 significatur,

106 2744 188 2799 cerie
214 2741 269 2799 ille
291 2739 406 2816 placita
429 2757 506 2816 quse
529 2737 661 2796 carmine
683 2736 832 2798 didactico
856 2740 995 2817 exposuit
1017 2758 1119 2800 senem

105 2837 227 2896 demum
262 2835 477 2912 philosophum
512 2833 711 2913 excogitasse,
748 2853 817 2895 cum
853 2837 906 2896 diu
935 2836 1117 2898 sententium

104 2934 268 3014 fragmenti
297 2938 338 2993 14
366 2933 508 2994 tenuerit.
535 2965 573 2974 -
597 2936 787 2993 iremseemus
814 2953 894 2994 nunc
921 2934 961 2994 ad
988 2933 1117 3013 singule,

172 3033 307 3093 Verbum
334 3051 352 3092 e
378 3033 502 3092 Timone
529 3034 676 3092 novatum
702 3024 973 3112 ἆμφοτερόβλεπτος
1000 3035 1119 3108 spectat

106 3134 145 3193 ad
169 3133 332 3210 scepticum
358 3131 521 3209 rationem,
548 3148 585 3189 ex
613 3149 674 3208 quc¹
701 3123 752 3190 διὰ
778 3123 833 3206 τὴν
860 3126 893 3189 ἐν
914 3133 980 3200 τοῖς7
998 3122 1120 3188 ἀντιτει-

106 3226 205 3308 μένοις
232 3223 382 3310 πράγμασι
408 3225 458 3288 καὶ
484 3222 582 3307 λόγοις
605 3224 791 3288 ἰσοσθένειαν
813 3228 832 3286 i.
857 3247 880 3287 e.
903 3220 959 3304 τὴν
980 3218 1054 3286 κατὰ
1076 3224 1122 3284 πί-

106 3342 169 3388 στιν
197 3325 247 3387 ccl
274 3321 411 3388 ἀπιστίαν
438 3320 555 3404 ἰσότητα
582 3318 622 3398 ὦς
650 3322 763 3404 ιιηόόνα
790 3317 918 3402 μηδενὸς
944 3326 1121 3402 προκεῖσθαι

105 3426 165 3483 τῶν
188 3421 362 3504 μαχομένων
386 3419 482 3505 λόγων
505 3416 545 3496 ὥς
566 3417 735 3502 πιστότερον
757 3424 797 3484 ud
818 3415 929 3500 ἐποχήν
946 3421 1124 3499 pervenitur

106 3513 203 3603 (Sext.
225 3522 312 3600 Emp.
335 3522 440 3601 Pyrrh
464 3521 606 3600 hypoi.1
630 3524 648 3581 8
674 3512 799 3602 ec10):
830 3537 896 3579 eum
922 3519 1020 3596 ipsum
1047 3537 1120 3580 vero
