2466 3832
417 173 420 177 ,
507 169 564 211 .-
613 131 744 228 68·-

192 297 305 358 Oontra
325 295 464 356 omnibus
483 297 584 356 nervis
603 295 824 355 contendemmt
842 293 940 370 cynici
958 295 994 351 ut
1008 292 1146 367 exemplo

129 399 160 456 et
188 395 397 455 adhortatione
425 393 561 453 homines
588 412 605 451 a
628 391 806 451 libidinibus
830 390 1048 466 affectibusque
1071 388 1146 448 libe-

127 497 230 553 rarent
258 494 290 550 et
318 491 357 549 ad
385 491 477 548 animi
504 490 651 550 virtutem
678 490 755 550 nihil
777 490 861 548 ultra
885 491 1079 564 appetentem
1102 487 1146 545 in-

128 591 308 650 formarent:
336 589 440 664 itaque
459 588 569 646 nonin
588 587 708 646 scholae
726 586 912 646 umbracuiis
931 603 963 644 se
981 589 1146 645 tenuerunt

128 687 182 747 sed
204 687 236 744 in
258 687 324 745 foro
349 689 380 745 et
402 685 572 762 angiportis
596 685 689 763 vulgo
711 703 742 744 se
761 684 992 743 immiscuerunt
1011 687 1042 742 et
1061 682 1147 760 quid·

130 784 204 862 quid
231 800 371 860 perverse
399 784 449 843 vel
477 783 594 842 factum
621 782 760 841 viderent
787 782 836 841 vel
864 781 980 840 dictum
1008 780 1148 841 audirent

127 881 166 941 ad
205 881 237 940 id
278 899 310 940 se
349 880 562 957 applicuerunt
599 898 776 957 summaque
813 878 955 939 libertate
991 879 1146 938 hominum

128 979 295 1039 stultitiam
327 982 475 1038 notarunt
507 979 568 1037 alia
595 981 715 1053 praeter
741 978 887 1038 virtutem
916 981 1088 1052 captantem
1116 981 1147 1036 et

127 1075 238 1133 crebris
258 1075 416 1134 affectibus
435 1079 624 1134 commotam.
660 1075 713 1134 sed
730 1077 812 1135 utin
827 1075 1015 1134 audientium
1030 1075 1146 1134 animos

128 1176 335 1250 penetrarent,
373 1172 512 1261 sciebant
548 1172 691 1232 brevibus
723 1172 821 1232 acutis
854 1172 1001 1248 salsisque
1033 1171 1145 1231 chriis

125 1262 223 1350 uti¹)‚
267 1269 304 1328 de
343 1264 454 1346 quibus
493 1269 565 1329 audi
596 1270 799 1346 Demetrium,
836 1271 871 1329 de
903 1271 1000 1328 ολοοιιί.
1032 1265 1052 1344 ξ
1083 1272 1147 1329 170

127 1359 168 1447 (p.
189 1370 263 1444 299,
283 1369 326 1426 24
347 1359 472 1447 Speng.)
492 1367 604 1445 optime
624 1368 831 1428 disserentem:
851 1359 1007 1445 χρήσονται
1026 1362 1060 1425 δέ
1076 1386 1147 1427 ποτε

126 1463 176 1524 καλ
208 1463 240 1525 oi
269 1459 411 1544 φρόνιμοι
442 1464 567 1544 γελοίοις
596 1460 672 1544 πρός
699 1487 728 1526 τε
754 1459 825 1537 τοὺς
851 1457 987 1542 καιρούς,
1020 1454 1086 1524 οἷον
1113 1460 1146 1523 ἒν

126 1559 239 1641 ἑορταῖς
261 1561 312 1622 καλ
334 1560 368 1622 ἐν
391 1564 584 1641 συμποσίοις,
607 1561 656 1622 καλ
680 1561 713 1623 ἐν
735 1557 903 1641 ἐπιπλήξεσι
926 1557 959 1620 δὲ
981 1553 1056 1637 πρὸς
1078 1554 1147 1633 τοὺς

124 1655 377 1737 τρυφερωτέρους,
412 1653 452 1731 ὥς
483 1654 500 1720 ὁ
534 1654 683 1740 τηλαυγὴς
710 1656 844 1732 θύλακος
870 1656 919 1718 καὶ
945 1651 965 1737 ἡ
995 1652 1147 1737 Κράτητος

124 1749 262 1832 ποιητική
269 1797 278 1830 ,
301 1754 351 1815 καὶ
376 1760 476 1834 φακῆς
503 1752 651 1836 ἐγκώμιον
673 1750 712 1817 dv
735 1750 856 1840 ἀναγνῷ
879 1777 921 1828 τις
940 1753 973 1816 ἓν
990 1760 1051 1827 τοῖς
1069 1749 1146 1816 cicci-

123 1866 197 1922 τοις’
227 1854 360 1925 τοιοῦτος
389 1850 422 1913 δὲ
454 1846 494 1924 ὥς
522 1846 554 1913 τὸ
584 1850 675 1914 πλέον
700 1852 750 1913 καὶ
778 1846 794 1914 ὁ
818 1846 976 1924 Κυνικὸς
1002 1847 1144 1930 τρόπος·

124 1943 158 2009 τὰ
181 1943 237 2030 γὰρ
259 1954 380 2011 τοιαῦτα
398 1954 520 2030 γελοῖα
543 1951 665 2029 χρείας
683 1945 827 2029 λαμβάνει
845 1940 929 2022 τοίξιν
947 1947 995 2010 καλ
1015 1944 1144 2030 γνώμης.

126 2049 313 2108 allatrarunt
335 2049 431 2127 igitur
454 2068 556 2109 omnes
576 2049 638 2108 fere
657 2051 804 2125 tanquam
821 2038 910 2120 κύνες
928 2041 1078 2109 ὑλακτικολ
1096 2048 1145 2109 καὶ

123 2142 266 2225 καρχαροι
297 2150 334 2206 ut
368 2166 436 2206 cum
466 2147 601 2207 Lucieno
632 2139 703 2228 (Bis
726 2163 819 2206 accus.
849 2136 906 2224 33)
938 2145 1060 2223 loquar,
1093 2148 1146 2207 sed

124 2245 186 2302 πᾶν
208 2238 240 2304 τὸ
264 2238 342 2317 εἶδος
364 2247 417 2305 τοῦ
437 2247 572 2305 Κυνικοῦ
596 2239 696 2324 λόγου,
719 2248 755 2304 ut
777 2244 858 2304 idem
875 2242 1047 2303 Demetrius
1066 2245 1146 2304 infra

127 2338 226 2417 §261
252 2343 309 2419 ait,
333 2341 465 2403 σαίνουτι
487 2338 548 2420 ὃίμα
571 2339 648 2403 ἔοικέ
670 2364 708 2424 τῳ
732 2338 782 2401 καί
805 2334 984 2422 δάκνοντιῖ).

192 2439 337 2499 Effloruit
364 2440 460 2517 igitur
482 2440 615 2516 primum
637 2441 669 2498 in
691 2441 756 2499 vita
780 2439 946 2499 cottidiana
972 2440 1145 2518 exercitum,

126 2536 232 2595 deinde
260 2537 353 2595 etiam
380 2537 491 2595 litteris
519 2538 696 2597 mandatum
723 2537 879 2613 proprium
906 2537 984 2596 illud
1007 2537 1145 2614 cynicum

126 2631 244 2690 dicendi
281 2647 389 2708 genus,
426 2633 508 2709 quod
542 2635 658 2710 exiguis
690 2634 862 2709 primordiis
895 2635 932 2692 ab
964 2634 1145 2695 Antisthene

125 2728 233 2804 positis
252 2729 380 2787 maxime
399 2747 453 2804 per
466 2729 611 2807 Diogenis
630 2731 771 2791 &stivam
785 2731 977 2792 dicacitatem
992 2734 1145 2792 excultum

126 2828 173 2884 est
196 2827 319 2900 etpost
341 2825 403 2884 fere
428 2826 565 2886 omuibus
589 2827 702 2904 cynicis
724 2832 825 2905 potest
844 2829 1006 2909 adsignari,
1030 2830 1145 2891 Crateti

127 2921 217 2981 Bioni
240 2921 381 2999 Menippo
405 2923 558 3002 Meleagro
582 2924 750 3002 dequibus
774 2929 913 2988 omnibus
936 2929 1015 2989 infra
1038 2928 1144 3006 dicam,

127 3018 255 3096 denique
288 3019 420 3080 Monimo
459 3021 512 3096 qui
549 3022 669 3099 scripsit
700 3024 822 3105 παίγνια
855 3026 972 3139 σπουδῇ
1002 3026 1145 3108 λεληθυία

126 3113 283 3196 μιμιγμίνα
307 3109 355 3198 (L.
379 3117 415 3176 D.
439 3117 483 3177 VI
507 3112 573 3200 82).

199 3274 225 3340 1)
246 3271 280 3326 de
306 3287 423 3338 quarum
442 3271 550 3342 origine
570 3274 647 3328 recte
665 3288 755 3345 nuper
772 3273 929 3343 disputavit
946 3273 1141 3330 Duemmlerus

126 3367 153 3416 p
133 3355 376 3561 ⁷0tggciimilitcr
393 3430 465 3487 dixit
482 3431 606 3502 Lucian„
626 3432 679 3489 Bis
693 3449 781 3490 accus
797 3438 830 3487 33
850 3432 884 3487 de
899 3433 1034 3504 Menippo
1053 3435 1142 3503 γελῶν

128 3525 187 3574 αμα
241 3527 319 3564 aare.
1128 3546 1134 3554 -
