2466 3832
500 104 721 167 -13-

88 270 239 328 'Timonis
263 273 364 327 tamen
387 267 534 326 iudicium
557 267 699 325 etiamin
718 267 787 325 aliis
807 285 884 343 quae
904 267 942 326 ad
964 286 1013 326 res
1035 269 1122 329 litte·

104 368 199 426 rarius
227 368 399 444 spectarent
427 365 656 442 quaestionibus
685 365 789 442 magni
812 365 992 426 aestimavit.
1039 371 1122 427 certe

106 483 237 542 quonam
263 468 353 540 pacto
380 464 477 540 possit
504 461 656 539 quispiam
684 461 808 520 Homeri
835 462 968 520 carmina
1001 463 1124 542 integra

104 563 237 622 nancisci
256 562 412 621 Timonem
435 551 600 638 traditur1)
624 560 827 636 interrogasse
847 591 889 599 —
901 559 991 636 ,qnod
1013 561 1121 621 fecisse

104 660 227 721 videtur
253 680 323 721 cum
350 661 414 737 ipse
443 659 506 719 sive
535 656 700 734 Odysseam
732 658 795 718 sive
822 657 950 716 Iliadem
983 658 1122 720 editurus

106 751 217 840 asscel)
233 791 275 799 —
296 762 327 818 et
345 758 452 816 tulisse
471 757 661 833 praeclarum
679 773 857 831 responsum
876 753 902 812 εἰ
914 758 974 825 τοῖς
989 748 1122 833 ἀρχαίοις

105 849 299 936 ἀντιγράφοις
322 849 495 935 ἐντυγχάνοι
513 851 563 914 καὶ
582 846 621 931 μὴ
640 857 701 924 τοῖς
719 848 778 930 ἥδη
798 847 1035 929 διωρθωμένοις,
1060 873 1122 931 quo

105 958 210 1014 utrum
241 953 371 1012 Arati
363 954 459 1030 rpsius
494 972 533 1012 an
567 950 713 1010 Zenodoti
747 950 913 1010 aliorumve
947 944 1123 1028 διορθώσεις

106 1052 317 1130 perstrinxerit
340 1052 448 1128 Timon
471 1049 606 1109 dubitari
629 1066 699 1107 saue
723 1039 866 1129 potest3).

172 1149 244 1207 Alia
266 1149 345 1207 ratio
369 1147 530 1209 intercedit
552 1147 632 1205 inter
650 1145 806 1205 Timonem
825 1150 856 1204 et
873 1129 1122 1204 Alexandrum

105 1248 251 1306 Aetolum
270 1246 535 1321 Homerumque
554 1246 659 1320 Mysus
678 1243 788 1320 filium
808 1244 923 1321 nobiles
942 1243 1122 1302 Alexandri-

105 1363 163 1404 nac
177 1343 312 1422 pleiados
327 1344 468 1421 tragicos.
497 1341 610 1402 etenim
623 1341 711 1418 Diog.
721 1341 765 1399 IX
778 1345 839 1402 113
855 1341 941 1401 dicit:
961 1333 1122 1421 φιλογράμ-

107 1435 196 1519 ματός
217 1461 247 1500 τε
271 1432 326 1522 (sc.
348 1428 388 1517 ἦν
414 1431 528 1520 Τίμων)
551 1435 602 1498 καλ
624 1442 686 1510 τοῖς
708 1443 844 1517 ποιηταῖς
867 1432 985 1517 μύθους
1007 1431 1123 1516 γράψαι

22 1561 24 1568 ’
108 1531 210 1609 ἱκανὸς
239 1560 288 1597 και
312 1531 447 1616 δράματα
470 1532 701 1596 συνδιατιθέναι
747 1535 898 1613 μετεδίδου
922 1530 955 1593 δὲ
977 1537 1036 1594 τῶν
1058 1555 1123 1612 τρα-
1199 1598 1201 1602 ,

107 1635 227 1719 γῳδιῶν
242 1626 423 1715 Ἀλεξάνδρῳ
447 1656 497 1693 και
516 1627 641 1714 Ομήρῳ.
679 1651 756 1709 quae
779 1633 872 1694 verba
889 1652 950 1692 non
968 1633 1086 1738 plane'
1077 1653 1122 1690 m-

107 1735 220 1809 tellego
245 1731 395 1808 quomodo
418 1731 637 1805 interpretatus
661 1730 702 1789 sit
724 1731 905 1808 MeinekiuS,
936 1707 1014 1790 anal.
1038 1729 1124 1792 Alea.

85 1851 136 1906 ,μ
154 1831 231 1888 217:
251 1821 345 1904 quod
363 1827 451 1904 Diog.
466 1827 499 1884 L.
514 1827 558 1885 IX
575 1829 635 1886 113
657 1826 693 1885 de
713 1828 838 1887 Timone
856 1814 990 1887 Phliasio
1009 1831 1123 1905 narrat,
1184 1859 1187 1865 ·

108 1928 140 1986 id
159 1944 304 2004 quorsum
324 1927 440 2001 spectet
462 1927 499 1984 ut
517 1943 597 1983 nunc
616 1943 664 1983 res
689 1927 735 1984 est
758 1925 917 1985 diiudicari
940 1926 991 1988 vix
1013 1929 1123 2002 potest.

108 2133 254 2225 tamquam
272 2133 350 2186 certa
368 2131 438 2185 haec
455 2129 562 2200 posuit:
588 2129 656 2184 ‘Der
673 2130 737 2199 (mit
755 2130 805 2184 der
823 2131 1021 2186 Anweseuheit
1039 2131 1123 2186 Arata

108 2213 139 2266 in
151 2212 232 2267 Pella
245 2211 292 2267 bei
306 2211 355 2265 der
365 2210 501 2265 Hochseit
515 2209 564 2265 des
579 2209 644 2263 Ant'
624 2213 735 2278 trgonos
749 2211 806 2263 und
821 2211 871 2264 der
884 2209 976 2280 Phila)
991 2210 1123 2280 gleich-

109 2292 236 2360 zeitige
251 2290 419 2346 Aufenthalt
433 2291 482 2344 des
493 2289 621 2344 Actolcrs
635 2289 817 2355 Alexandros,
833 2289 882 2344 des
896 2289 1054 2360 Antagoras
1069 2306 1124 2361 von

108 2372 237 2438 Rhodos,
265 2371 323 2426 des
347 2370 467 2425 Timon
491 2387 555 2425 von
578 2370 698 2424 Phlius
722 2388 767 2425 am
790 2370 1029 2424 Makedouisohen
1051 2354 1123 2424 Hofe

108 2452 222 2509 verritth
244 2469 310 2517 uns,
338 2452 403 2505 dass
427 2451 477 2504 das
500 2450 661 2520 ko'nigliche
684 2450 814 2520 Bcilager
842 2449 887 2504 die
916 2450 1125 2506 dichtcrischen

108 2531 208 2587 Krtfte
227 2492 447 2584 (λιιοάλιοιιλιιδι
466 2546 500 2582 ιιι
519 2530 658 2597 agonalcn
677 2529 882 2585 Productionen
899 2531 1063 2601 heranzog.’

182 2612 207 2680 r)
228 2610 267 2663 cf.
287 2607 317 2662 L.
337 2609 369 2661 D.
392 2614 442 2662 113
462 2611 507 2676 (ex
526 2608 688 2680 Antigono).

181 2691 208 2757 2)
228 2687 368 2757 Odysseae
388 2686 543 2757 διόρθωσιν
567 2693 788 2763 commemorant
810 2689 870 2744 vita
888 2689 968 2743 Arati
987 2691 1026 2744 III
1044 2709 1069 2746 v.
1090 2697 1124 2745 22

109 2787 137 2840 p.
158 2773 192 2822 58
220 2768 291 2836 (vita
308 2766 388 2821 Arati
407 2767 499 2822 latina
516 2770 582 2838 post
599 2769 681 2823 Arati
699 2770 766 2826 edit.
786 2771 884 2825 Venet.
905 2775 974 2825 1488
994 2788 1012 2825 a
1030 2769 1124 2826 Suriu-

111 2864 186 2919 gare‚
205 2849 237 2902 de
251 2848 383 2918 ιομιλιομι.
400 2853 545 2903 astronom.
559 2866 586 2919 p.
603 2854 618 2902 9
634 2850 711 2904 edita
723 2868 749 2904 v.
767 2853 809 2920 10)
829 2851 859 2905 et
873 2849 949 2904 suit.
965 2869 989 2907 v.
999 2846 1124 2917 Ἄρατοςς

106 2927 228 2987 iliadem
252 2929 285 2982 ut
308 2927 404 2981 ederet
428 2927 463 2980 ab
480 2926 621 2994 Antiocho
641 2928 737 2999 Syriae
760 2946 827 3000 rege
849 2929 984 2985 incitatus
1008 2932 1052 2984 est
1075 2926 1124 2983 διὰ

110 3004 142 3063 τδ
171 3002 227 3062 ὑπὸ
255 3008 366 3062 πολλῶν
393 3003 573 3077 λελυμάνθαι
600 3008 645 3077 (cf.
669 3009 729 3063 viia
750 3008 833 3064 Arati
850 3011 862 3063 1
881 3030 907 3066 v.
927 3016 961 3064 88
980 3028 1006 3078 p.
1027 3014 1062 3063 ol
1081 3007 1124 3064 ed.

110 3087 269 3153 western„
288 3086 356 3141 ibid.
375 3106 401 3144 v.
421 3095 455 3143 84
474 3107 501 3158 p.
522 3094 564 3157 55,
583 3089 643 3143 vita
660 3087 742 3142 Arati
760 3087 851 3146 latina
869 3109 893 3146 v.
910 3089 963 3156 13).
1176 3108 1181 3115 ·

183 3169 210 3234 3)
229 3165 310 3220 Arati
333 3167 421 3236 ipsius
445 3167 539 3222 studia
556 3167 706 3223 Homerica
724 3187 741 3224 a
760 3168 876 3225 Timone
900 3168 1040 3236 castigata
1063 3182 1125 3220 esse

112 3245 231 3302 coniecit
249 3247 405 3314 Woweren‚
420 3249 571 3317 polymath.
592 3253 680 3315 c.18;
700 3266 761 3303 cum
780 3247 909 3303 Fabricio
929 3247 997 3302 bibl.
1012 3246 1058 3301 Gr.
1074 3245 1123 3299 lib.

110 3327 138 3379 II
152 3343 175 3380 c.
190 3333 215 3393 2,
231 3332 272 3394 19,
288 3327 342 3381 vol.
358 3327 371 3380 I
386 3346 412 3396 p.
428 3327 496 3383 275³
510 3327 629 3382 Wolfius
648 3329 754 3398 proleg.
767 3346 794 3399 p.
807 3334 858 3382 187
877 3326 927 3381 alii
946 3325 1126 3381 crediderunt

112 3422 174 3460 eum
194 3406 330 3460 Zenodoti
349 3408 442 3476 potius
462 3408 583 3464 audaces
601 3409 773 3463 mutationes
794 3403 975 3476 vituperasse.
1013 3422 1125 3476 perver-

112 3503 173 3539 sum
192 3486 236 3538 est
255 3484 455 3554 Sengebusohii
473 3487 610 3542 iudicium
629 3489 711 3544 Hom.
730 3489 794 3542 dios.
810 3503 856 3554 pr.
870 3503 901 3577 p.
920 3492 981 3541 203.
