2466 3832
501 185 722 249 „22-

194 351 305 428 μοῦνος
328 341 394 432 δ’Ῑ)
418 340 608 428 ἀνθρώποισι
629 350 706 409 θεοῦ
728 341 838 427 τρόπον
860 340 1098 430 ἡγεμονεύειςλ),
1133 322 1139 331 ’

238 439 272 519 ὃς
294 444 361 528 ντερί
383 449 483 507 ιιᾶσαν
501 438 607 528 How)
631 451 720 535 γαῖαν
742 438 952 525 ἀναστρέφεται

195 538 313 618 δεικνὺς
337 538 478 623 εὐτόρνον
501 543 629 622 σφαίρης
651 537 854 622 πυρικαύτορα
876 539 994 606 κύκλον.

593 660 625 718 Π

193 743 212 833 ἦ
235 749 293 835 γὰρ
317 749 393 836 ἐνεὸν
416 752 502 833 ἐρέω,
526 745 567 829 ὥς
590 778 640 835 μοι
662 757 871 834 καταφαίνεται
894 750 984 833 εἶναι,

238 857 340 931 μῦθον
362 848 506 933 ἀληθείης
528 848 624 934 ορθὸν
647 852 722 934 ἔχων
745 848 874 931 κανόνα)

195 944 235 1023 ὥς
256 944 276 1029 ἡ
297 973 350 1013 του
335 951 456 1014 θείου
479 973 509 1012 τε
531 946 622 1030 φύσις
644 949 695 1012 καλ
716 945 919 1031 τᾶραθοῦε
874 951 943 1012 αἰεί

238 1037 315 1122 ἐξ
293 1072 336 1109 ων
359 1037 489 1122 ίσότατος
511 1049 621 1129 γίνεται
644 1044 732 1128 ἆνδρλ
754 1049 843 1128 βίος·

587 1166 636 1225 ΠΙ

238 1254 312 1322 ἄλλα
334 1255 366 1322 τὸ
386 1255 570 1340 φαινόμενον
587 1255 718 1345 ιταντηλ)
743 1250 901 1321 σθένει
866 1281 957 1340 ονιιερ
978 1253 1017 1321 ἂν
1036 1259 1120 1344 ἔλθη.

170 1451 217 1508 Ex
239 1449 286 1510 his
308 1450 487 1528 fragmentis
516 1449 588 1508 licet
613 1451 827 1528 argumentum
850 1448 991 1506 carminis
1015 1447 1119 1507 adum·

102 1547 199 1606 brare.
236 1548 344 1625 incipit
366 1549 463 1626 igitur
485 1551 576 1625 poeta
600 1565 618 1604 a
640 1546 783 1605 laudibus
801 1546 965 1623 Pyrrhonis
990 1564 1119 1623 eumque

103 1645 285 1743 interrogat,
313 1665 373 1723 quo
400 1646 524 1704 tandem
546 1642 635 1703 modo
659 1644 792 1702 effecerit
814 1647 850 1702 ut
873 1643 1012 1702 omnibus
1036 1645 1119 1721 cupi·

104 1720 251 1802 ditetibus
276 1747 307 1801 et
329 1742 422 1800 animi
446 1740 604 1800 affectibus
627 1759 742 1800 vacuus
766 1735 884 1816 semper
902 1741 1011 1817 aequo.
1018 1742 1119 1800 animo

103 1837 189 1896 vivat
226 1841 257 1898 et
289 1838 362 1898 solis
394 1841 503 1898 cuneta
536 1838 744 1898 collustrantis
754 1830 935 1927 instar⁵)
946 1837 1119 1897 hominibus

103 1936 218 1993 rectam
239 1935 322 1996 viam
345 1939 493 1996 monstret
516 1926 568 2017 (fr.
591 1927 630 2017 Ι).
673 1935 837 2012 respondet
858 1935 996 2012 Pyrrhon
1019 1935 1120 1996 verbis

104 2032 228 2090 secundi
245 2034 417 2111 fragmenti,
436 2034 472 2093 de
492 2052 622 2111 quorum
640 2033 791 2092 sententia
808 2052 906 2109 nuper
923 2033 1041 2110 largius
1060 2032 1120 2091 dis-

100 2131 227 2204 putavit
244 2130 405 2209 Hirzelius‚
434 2132 548 2191 Uetera
566 2131 615 2190 HI
636 2151 665 2207 p.
685 2131 838 2206 46—58,
862 2129 995 2189 nondum
1018 2133 1121 2189 tamen

103 2231 171 2287 tota
198 2230 327 2291 veritate
355 2233 521 2308 perspecta.
568 2227 701 2288 affirmat
727 2246 799 2288 vero
821 2226 959 2308 Pyrrlron
987 2246 1018 2287 se
1047 2228 1122 2305 quid

104 2323 141 2383 de
169 2344 201 2384 re
230 2329 343 2388 sentiet
373 2347 442 2388 cum
468 2328 594 2387 Timone
623 2325 917 2386 communicaturum
945 2344 1022 2403 esse,
1052 2344 1122 2384 cum

104 2424 205 2500 μῦθον
224 2418 367 2503 ἀληθείης
390 2430 505 2486 certam
522 2443 659 2485 normam
681 2422 801 2482 habeat.
836 2422 888 2481 sed
907 2422 1121 2499 gravissimum

103 2538 176 2579 sane
195 2526 249 2600 est,
273 2526 309 2582 ut
328 2525 432 2583 statim
453 2523 625 2581 accuratius
645 2519 833 2597 significetur
852 2520 919 2595 quis
938 2520 1061 2578 tandem
1080 2518 1121 2579 sit

91 2617 156 2695 ,ille
181 2638 272 2694 quem
294 2620 388 2678 tantis
412 2619 553 2678 laudibus
577 2617 727 2693 scepticus
747 2616 833 2674 effert
852 2618 950 2693 μῦθος
968 2610 1120 2694 ἀληθείης,

105 2712 187 2789 quod
214 2715 249 2774 fit
276 2733 367 2776 versu
394 2716 498 2791 tertio;
527 2707 740 2791 ‘verissimum'
768 2713 847 2771 enim
870 2713 948 2772 illud
972 2707 1121 2775 ‘verbum’

104 2809 162 2868 hoe
184 2811 285 2887 ipsum
308 2815 366 2872 est:
397 2806 514 2889 semper
536 2816 679 2873 naturam
702 2810 798 2872 divini
822 2814 852 2870 et
874 2810 946 2870 boni
970 2804 1028 2870 sibi
1050 2829 1120 2869 con·

103 2901 228 2990 staress).
270 2908 309 2967 ad
328 2909 410 2967 vhano
433 2909 529 2987 igitur
550 2927 688 2969 normam
712 2926 814 2968 omnes
837 2906 977 2986 ἰνδαλμοί
998 2941 1039 2949 -
1059 2909 1120 2967 ie.

179 3089 205 3155 1)
225 3083 255 3141 θ’
275 3088 364 3143 Sexte
384 3082 415 3143 ἐν
433 3087 526 3143 Laert.

177 3161 408 3238 2)ἡγεμονεύεις
426 3166 515 3222 Sext:
509 3163 717 3237 ·r‘ppepovetoov
736 3166 828 3222 Laert.

177 3242 296 3317 3)ἐλῶν
311 3246 479 3316 Stephanus,
493 3264 563 3316 poca
574 3249 674 3317 philos.
688 3265 717 3316 p.
730 3247 807 3302 llet
794 3245 945 3300 tzssekker
961 3240 1032 3299 ἑλῶν
1046 3244 1121 3299 libri.

177 3322 319 3399 4)ντοὶντη
339 3326 453 3396 Galen,
471 3327 565 3383 Laert.
584 3327 625 3382 F:
644 3327 731 3381 παντί
749 3327 842 3381 Laert
861 3326 928 3392 oet,
948 3323 1023 3379 Sext.

178 3407 313 3475 &Recte
284 3406 487 3475 tHirzeliue3
512 3407 617 3462 Uetere
633 3405 719 3476 1le
735 3411 770 3461 48
783 3423 825 3474 sq
845 3396 986 3473 exposuit,
1007 3404 1121 3459 Sextum

8 3526 11 3531 -
106 3484 183 3540 male
201 3485 375 3541 intellexisse
393 3485 632 3557 comparationem
650 3485 698 3540 hic
716 3484 880 3540 adhibitam.

179 3559 244 3635 6)
226 3585 263 3628 ως
281 3564 370 3635 igitur
387 3583 444 3622 non
463 3569 507 3622 est
524 3565 665 3636 particula
683 3564 811 3634 causalis,
831 3562 907 3632 quod
926 3561 1046 3631 sumpsit
1058 3562 1123 3635 Hir-
