2466 3832
495 194 537 202 -
587 157 648 221 116
695 193 737 204 -
999 180 1126 233 rmours

112 322 266 405 ἐγκυκλίου
294 321 429 394 παιδείας
456 313 588 400 άμάητος
611 313 654 381 riv
676 314 829 399 ἐμακάριζε
851 316 902 379 καὶ
924 314 994 392 τοὺς
1017 313 1127 398 ὁμοίως

112 414 190 502 αὐτῷ
222 416 270 479 ἐπὶ
304 418 484 496 φιλοσοφίαν
512 414 731 498 παρεχομένους
758 410 894 489 τοιαύτας
921 412 1027 494 φωνὰς
1055 438 1125 497 προ-

112 515 226 595 ίίμενος
254 511 425 596 “μαιιαρίζω
449 533 496 593 σε,
528 504 551 576 ὦ
581 503 680 592 οὗτος,
708 509 753 576 δτι
782 509 917 593 καθαρὸς
939 509 1038 592 πάσης
1061 536 1126 575 παι·

114 614 192 687 δείας
216 607 274 698 (sic
294 615 559 693 Schweighaeuser
582 633 637 691 pro
661 605 769 694 αἰτίας)
793 609 840 672 aa
864 605 1095 688 priooopiuv‘'
1072 634 1124 688 ωρ

111 707 238 829 istut?
272 706 346 774 σθεν
365 704 456 772 αὐτὸν
471 709 520 771 καί
536 734 551 772 ο
540 702 668 790 Τίμων
683 710 760 787 φησί
772 708 1125 835 «γραμμαδιδασκαλίδην

109 803 334 890 ἀναγωγότατον
357 799 522 880 ζωόντων».

180 960 207 998 v.
228 950 241 997 1
269 934 322 998 οὖν
342 945 470 1012 φυσικῶν
488 944 580 997 Laert.
600 945 641 1010 A,
668 935 704 996 αὖ
725 937 845 1012 φυσικὸς
864 942 983 1011 Hesych.
1004 941 1046 1009 A,
1074 933 1125 996 cdv

112 1028 231 1100 φυσικὸς
248 1031 341 1087 Laert.
358 1033 395 1086 M
412 1030 511 1087 Venat.
527 1031 557 1087 et
569 1035 588 1102 f
597 1034 607 1102 ΙΙ
622 1051 646 1087 v.
662 1038 677 1086 2
697 1031 1013 1101 γραμμοδιδασκαλίδης
1031 1030 1124 1084 Laert.

110 1118 306 1190 BF‘GPQf,
321 1119 441 1188 Hesych.
462 1121 548 1190 (quod
567 1120 666 1190 reponi
683 1119 763 1175 iubet
776 1118 884 1174 Barker
901 1117 932 1171 in
946 1117 1032 1174 Wolfi
1052 1119 1125 1175 anal.

110 1207 195 1262 litter.
215 1208 269 1278 1111
288 1226 314 1277 p.
335 1213 387 1262 644
407 1212 436 1264 et
454 1207 566 1264 Lobeck
585 1210 621 1264 ad
639 1208 788 1278 Phrynich.
808 1226 835 1277 p.
854 1210 931 1277 669):
951 1209 1125 1277 γραμοδιδα-

111 1298 245 1366 οκαλίδης
262 1296 354 1353 haert.
365 1298 405 1368 H,
423 1299 741 1368 γραμμαδιδασκαλίδης
760 1297 853 1352 hacrt.
864 1295 905 1350 1¹¹
923 1295 1011 1365 (quod
1029 1296 1126 1351 defen*

112 1385 154 1441 dit
171 1386 202 1440 L.
221 1385 345 1441 Dindorf
359 1386 390 1440 in
409 1385 545 1456 Stephani
568 1385 658 1441 lexico
675 1404 700 1440 v.
720 1382 941 1456 γραμματόιιος),
966 1387 1125 1454 γραμμαδι·

110 1475 284 1543 δασκαλίδην
294 1474 396 1529 Athen.
414 1475 417 1545 t
434 1469 649 1544 ἀναγωγότατος
662 1475 783 1542 Laertf
794 1475 798 1543 Ι
815 1473 950 1540 ζωάντων
963 1471 1086 1542 Hesych.
1096 1474 1125 1528 A

177 1697 272 1739 corn.
309 1680 379 1739 Non
411 1681 510 1738 solum
541 1679 696 1739 ulti-mus
728 1678 923 1755 physicorum
953 1679 1127 1756 appellatur

110 1776 274 1853 Epicurus3
298 1778 350 1835 sed
372 1780 409 1836 ut
428 1776 565 1856 Sophron
588 1776 664 1836 dixit
684 1767 734 1856 (fr.
751 1768 948 1858 echireus.)
972 1768 1125 1854 προβάτου

111 1867 307 1950 προβάτερον,
331 1865 393 1944 tris
412 1865 556 1951 ὀιότερον,
581 1873 623 1932 sic
642 1873 749 1932 Timon
768 1874 868 1934 voluit
885 1868 1019 1952 donator,
1044 1874 1126 1953 quod

112 1971 198 2031 iuxta
211 1963 354 2030 κύντατον
368 1989 386 2028 a
400 1988 473 2031 voce
487 1963 569 2029 κύων
584 1970 754 2031 derivatum
773 1972 884 2049 posuit,
904 1972 1127 2049 superlativum

110 2087 174 2128 esse
194 2069 339 2128 audacter
357 2068 522 2128 formatum
541 2085 559 2127 a
577 2087 649 2127 voce
668 2057 704 2140 ὗς
723 2059 775 2149 (cf.
791 2067 922 2128 Orellius
942 2070 980 2128 ad
994 2069 1126 2149 Hesych.

109 2166 205 2225 Miles.
224 2188 252 2243 p.
269 2159 335 2247 22).
371 2166 448 2226 talia
471 2165 606 2226 convicia
627 2166 659 2224 in
677 2167 844 2243 Epicurum
867 2168 1053 2244 congessisse
1078 2169 1126 2227 Ti·

109 2283 228 2324 monem
260 2265 353 2324 etiam
384 2265 554 2341 fragmento
582 2265 717 2339 proxime
748 2265 985 2341 demonstratur,
1020 2285 1126 2342 quarn·

111 2381 203 2439 quam
230 2382 290 2422 non
314 2363 417 2440 potuit
444 2361 579 2438 iniquius
606 2361 753 2421 iudicium
780 2363 853 2420 ferri
876 2363 912 2422 de
934 2362 1126 2441 philosopho,

108 2460 162 2536 qui
189 2461 381 2536 voluptatem
408 2478 558 2518 summum
587 2461 708 2537 quidem
734 2459 848 2520 bonum
875 2460 963 2538 dixit,
993 2460 1128 2522 sobriam

108 2559 210 2618 tamen
233 2575 268 2617 ac
292 2557 414 2634 siccam,
446 2561 477 2616 et
506 2559 677 2619 accuratius
706 2557 834 2636 definiit,
864 2558 923 2618 duc
952 2557 1032 2618 bona
1062 2579 1127 2621 esse

109 2669 145 2709 ex
164 2653 273 2728 quibus
292 2653 424 2728 primum
442 2653 519 2712 iliud
537 2654 721 2732 beatumque
739 2659 945 2735 componatur,
964 2660 1001 2716 ut
1015 2675 1127 2737 corpus

110 2747 174 2806 sine
198 2748 377 2828 doloresit,
401 2751 519 2810 animus
543 2751 607 2810 sine
630 2751 866 2830 perturbatione,
891 2756 921 2812 et
945 2771 1023 2830 quae
1043 2757 1127 2815 simi·

109 2845 180 2904 liter
202 2848 341 2923 exposuit
364 2847 445 2926 apud
467 2848 567 2907 Laert.
586 2849 614 2907 X
635 2851 695 2908 131
714 2867 756 2927 sq.
793 2869 891 2928 neque
912 2851 1014 2910 minus
1037 2856 1128 2915 mali·

106 2943 183 3003 tiose
208 2942 298 3005 Same
326 2945 443 3007 venisse
471 2945 611 3023 fingitur,
644 2964 713 3005 cum
739 2947 931 3008 Atheniensis
954 2949 1049 3010 fuerit
1075 2955 1129 3014 sed

107 3041 282 3103 adulescens
305 3046 425 3105 tantum
448 3062 518 3104 cum
538 3048 626 3164 patre
650 3048 681 3104 et
703 3045 797 3105 fratre
822 3045 904 3105 Sami
928 3046 1129 3130 habitaverit,

110 3158 170 3216 quo
192 3144 280 3217 pater
303 3143 367 3202 eius
388 3136 537 3222 agripeta
519 3135 607 3225 α’(1
623 3163 646 3203 e.
664 3145 825 3222 κληροῦχος
843 3148 964 3205 servata
982 3143 1128 3233 civitate)

106 3241 243 3298 venerat:
272 3239 308 3298 cf
334 3238 393 3299 cic
417 3240 454 3300 de
477 3246 539 3302 nat
563 3242 642 3302 deor.
666 3242 761 3321 127,
782 3244 836 3318 723
865 3241 963 3301 Strab.
985 3243 1062 3302 XIV
1085 3250 1126 3309 18

103 3353 132 3410 p.
154 3327 245 3396 638ο

172 3432 281 3491 Eidem
303 3437 422 3510 patrem
445 3437 511 3496 ludi
533 3437 713 3516 magistrum
735 3437 829 3498 fuisse
849 3441 1016 3517 testantur,
1041 3445 1128 3519 quod

107 3525 145 3584 ad
171 3527 339 3612 Epicurum
366 3532 465 3621 ipsum
492 3538 613 3610 praeter
640 3536 795 3594 Timonem
825 3536 908 3594 solus
935 3536 1128 3619 Hermippus
