2466 3832
104 182 324 224 τοισιν-κστ
493 192 534 203 -
583 156 648 221 115
693 192 735 202 —
790 197 793 204 ·

105 342 174 383 rum
197 321 348 402 διαφωνίρι
370 314 527 400 παμπόλλη
551 312 642 402 ούση)
666 316 699 379 ἐν
720 322 781 390 τοῖς
800 318 907 391 σίλλοις
923 313 974 379 καλ
993 311 1009 378 ό
1030 311 1122 376 Φλιύ-

106 436 169 491 σιος
189 419 290 497 Τίμων
313 414 460 498 εἰρηκέναι
482 410 563 477 τόδε·
588 416 653 489 <<τλς
672 447 714 456 -
733 415 865 478 πολλοί».
900 408 1121 497 (Theodore-

105 518 165 576 tus
189 513 239 574 Gr.
263 514 311 573 aff.
336 532 398 573 eur.
418 513 447 571 V
468 516 507 573 16
527 533 556 590 p.
578 514 668 590 72,ss
689 511 771 589 sylb.
796 505 877 583 ὅντως
904 505 1013 584 αύτούς
1042 511 1121 588 [phi-

105 609 261 688 losophos]
294 603 313 689 ἡ
343 603 414 688 κενὴ
443 604 517 683 δόξα
547 602 621 670 κατὰ
653 603 706 670 τὸν
735 609 856 687 Τίμωνα
888 607 945 684 [sie
975 608 1122 686 Sylburg3

109 708 234 783 Τίμαιον
248 707 279 766 Β
297 706 430 786 August.
445 726 465 767 a
479 711 510 769 et
523 710 549 786 b,
572 707 637 768 Pal.
652 710 678 786 b,
700 706 825 786 Τιμαίου
840 707 871 767 Β
888 725 973 784 mrg.‚
989 700 1123 785 ’Όμηρον

107 804 204 884 vulg]
229 802 326 884 «ἔριδι
343 836 386 847 -
406 797 597 889 μάχεσθαιν.)

179 959 205 996 v.
225 946 240 996 1
259 935 309 1013 ὅλη
329 942 394 998 Eas.
414 941 525 1010 BDE,
551 935 616 1009 ὄλλη
636 939 700 995 Eue.
721 938 820 1008 offo,
840 933 890 1009 όλη
909 939 974 994 Eue.
994 937 1035 1008 ΙΙ
1060 937 1124 1004 ξον-

108 1029 206 1099 έστηκε
225 1029 291 1085 Eue.
311 1030 333 1083 I
348 1031 358 1100 ΙΙ
386 1049 412 1086 v.
432 1035 448 1084 2
468 1030 593 1085 σιωπῶσι
610 1029 676 1084 Eue.
698 1031 708 1101 ΙΙ
734 1048 762 1086 v,
781 1034 797 1083 3
821 1022 908 1097 λύλην
927 1027 1005 1083 Eua:
1031 1023 1124 1094 κακὴν

108 1115 193 1174 Olem.

176 1312 271 1354 noun.
304 1294 425 1353 Petitur
451 1295 552 1356 verbis
572 1287 680 1372 Ἠχοῦς
708 1286 874 1370 σύνδρομος
902 1287 987 1370 όχλος
1014 1293 1123 1370 volgus

107 1390 304 1468 philosophos
333 1391 456 1467 cingens
480 1389 563 1467 quod
585 1408 691 1449 eornm
714 1389 865 1449 orationes
890 1391 921 1448 et
943 1388 1125 1465 disputatio·

107 1504 161 1546 nes
190 1504 307 1562 semper
336 1488 392 1545 aut
418 1485 611 1545 acclamando
640 1488 696 1544 aut
722 1484 872 1544 sibilando
900 1485 1024 1560 exeipit:
1054 1485 1125 1544 huie

108 1583 205 1662 igitur
227 1586 264 1642 ut
286 1583 442 1659 placerent
469 1599 588 1640 summa
610 1599 680 1640 turn
703 1581 884 1658 garrulitate
907 1581 988 1640 inter
1011 1599 1042 1641 se
1066 1581 1125 1640 dis·

109 1682 234 1757 putasse
256 1678 430 1755 philosophi
453 1677 574 1756 fingunt
614 1725 619 1737 .

566 1979 655 2037 XVI

154 2105 195 2183 τῇ
218 2092 282 2183 γὰρ
307 2099 392 2182 ἔχων
415 2095 621 2183 Μενέδημον
646 2091 711 2162 ύτιδ
736 2096 905 2182 στέρνοισι
928 2094 1099 2183 κολαμβδν

156 2199 314 2268 θεύσεται
336 2197 356 2287 ἢ
381 2200 552 2290 Πύρρωνα
574 2198 612 2269 τό
636 2204 704 2268 κᾶν
727 2201 824 2286 κρέας
848 2196 868 2286 ἢ
891 2200 1081 2291 Διόδωρον.

391 2385 512 2427 Romu
534 2384 700 2429 Dnnoa'rvs
724 2383 841 2429 vnRsvs

112 2482 142 2536 in
160 2501 186 2537 v.
208 2488 237 2537 1:
259 2500 273 2536 ο
291 2487 344 2538 346
362 2482 395 2556 τῇ
414 2483 460 2552 δέ,
478 2478 544 2540 τόδε
563 2481 724 2555 κρήδεμνον
743 2480 800 2538 ὑπὸ
820 2480 960 2553 στέρνοισι
979 2484 1019 2552 (et
1038 2482 1079 2538 aie
1098 2485 1128 2540 et

361 2568 488 2642 στέρνοιο
506 2571 673 2641 Ατίκδκτσλι.)
692 2568 830 2628 τανύσσαι

180 2756 265 2798 rnen.
295 2740 470 2801 Laertius
484 2741 585 2820 Diog.
604 2740 649 2800 IV
669 2742 710 2801 33
735 2734 808 2801 ἄλλα
831 2734 882 2800 καὶ
903 2733 955 2801 τὸν
973 2733 1127 2819 Πύρρωνα

182 2829 318 2915 ἐζηλώκει
340 2835 391 2898 καὶ
413 2840 465 2917 τῆς
488 2837 670 2917 διαλεκτικῆς
693 2836 781 2917 εἴχετο
805 2834 856 2898 καὶ
876 2838 936 2898 τῶν
953 2831 1128 2917 Ἐρετρικῶν

110 2929 215 3013 ἥπτετο
237 2928 345 3015 λόγων·
369 2929 444 2997 ὅθεν
462 2980 469 2997 .
484 2978 491 2995 .
507 2978 514 2995 .
532 2933 583 2997 κοιλ
605 2929 622 2996 ὁ
648 2934 748 3013 Τίμων
770 2928 816 2994 ἐπ’
838 2928 930 2996 αὐτοῦ
949 2926 1127 3016 (Arcesilai)

112 3049 206 3112 φησιν
219 3025 326 3103 aaa·
346 3034 402 3112 «τῇ
415 3064 460 3074 -
473 3027 661 3112 Διόδωρον».
687 3031 887 3091 Numenius
902 3033 984 3108 apud
997 3031 1127 3093 Euseb.

111 3148 213 3208 praep.
238 3146 344 3206 evang.
363 3128 435 3188 XIV
450 3131 480 3207 5,
496 3132 537 3189 12
556 3149 585 3206 p.
602 3119 684 3190 729‘1
705 3120 764 3188 δτὸ
788 3123 842 3204 μὲν
860 3121 1032 3206 Κράντορος
1055 3120 1127 3208 (Ar-

112 3219 256 3309 cesilaus)
284 3219 532 3306 τιιθανονργικός,
560 3219 619 3287 διεδ
642 3218 800 3303 Διοδοόρον
828 3220 861 3285 δδ
883 3217 1053 3303 σοφιστής,·
1068 3216 1128 3283 ὑπὸ

113 3321 146 3385 δὲ
164 3318 331 3404 Πύρρωνος
353 3319 465 3404 ἐγένετο
486 3315 677 3396 τιαντοδατιδς
694 3319 746 3383 καλ
767 3321 830 3401 ἴτης
852 3320 902 3384 καλ
926 3315 1050 3394 ούδενός
1068 3314 1127 3403 (sie

112 3421 265 3483 Vsenerus
284 3421 365 3500 apud
379 3420 576 3500 Thedingam⁷
595 3421 632 3481 de
644 3421 799 3482 Numenie
815 3442 844 3498 p.
860 3423 900 3482 31
920 3439 976 3499 pro
992 3412 1081 3481 οὐδὲν
1095 3409 1128 3501 ὅ)

213 3519 314 3598 Τίμων
342 3515 375 3581 δὲ
396 3516 447 3580 καλ
469 3511 528 3581 ύιιὸ
551 3515 735 3601 Μενεδήμου
758 3512 790 3579 τό
813 3513 957 3599 ἐριστικόν
980 3535 1056 3596 φησι
1080 3521 1129 3575 λα-

943 3614 984 3668 Q*
