2466 3832
111 182 159 225 ra.
174 173 235 226 xvi.
250 185 316 226 xvm
494 198 538 207 -
584 163 647 226 117
695 198 739 208 -

110 324 200 402 plane
219 344 339 386 cassum
357 329 404 385 est
423 325 485 386 sive
505 325 541 383 de
559 325 630 402 pilis
650 325 713 386 sive
733 325 768 385 de
787 326 955 387 halteribus
973 326 1125 405 plumbeis

111 422 174 483 sive
194 423 230 482 de
249 424 315 483 ulla
333 424 395 482 alia
413 442 446 482 re
464 421 609 499 plumbea
626 421 700 481 haec
718 423 777 482 dici
795 428 900 501 putee,
918 444 990 484 nam
1008 444 1126 502 semper

110 520 193 580 valet
216 522 298 598 quod
321 521 398 580 dixit
421 521 584 597 Sophocles
608 511 659 600 (fr.
685 521 747 579 783
770 511 875 600 Dind.)
899 521 935 579 de
958 521 1048 581 vitio:
1072 544 1126 600 μο-

109 614 205 692 λιβδὶς
234 611 305 677 ὥστε
335 617 454 678 δίκτυον
481 613 668 677 κατέσπασεν.
715 621 892 695 corruptum
923 617 1020 694 igitur
1050 618 1126 677 mihi

110 712 210 773 visum
233 719 280 775 est
302 715 484 777 vocabulum
503 720 534 775 et
551 715 584 775 id
601 715 703 791 ipsum
726 714 808 792 quod
831 733 979 775 summam
998 715 1125 774 difficul-

109 813 206 870 tatem
224 813 256 871 in
274 813 525 891 interpretatione
538 811 681 891 praebuit
695 803 753 873 ὑπὸ
769 808 910 891 στέρνοισι
929 812 1012 873 viam
1026 831 1124 870 emen·

110 907 240 971 dationis
279 912 467 973 monstravit.
514 909 619 970 eadem
654 909 771 969 ratione
810 929 871 987 qua
907 909 1011 968 Vlixes
1048 908 1125 966 Leu-

109 1006 234 1067 cotheae
270 1009 333 1068 rica
369 1009 412 1070 sio
444 1010 476 1067 in
507 1005 640 1068 natando
673 1009 837 1070 adiuvatur
866 1006 1040 1067 Arcesilaus
1072 1024 1127 1082 per

109 1103 327 1184 Menedemum,
341 1107 536 1185 Pyrrhonem,
550 1104 728 1183 Diodorum,
747 1106 857 1184 quibus
876 1110 1034 1183 tamquam
1049 1102 1125 1163 utri-

109 1201 166 1262 bus
197 1204 354 1264 incumbit.
401 1224 468 1265 eam
498 1203 535 1263 ob
566 1222 690 1264 causam
717 1204 866 1283 Pyrrhoni
894 1203 1048 1264 adiectum
1080 1203 1126 1264 est

108 1293 139 1360 τὸ
168 1303 229 1361 πᾶν
256 1299 360 1380 κρέας;
390 1303 525 1365 homines
555 1301 638 1361 obesi
666 1300 809 1360 nimirum
835 1303 944 1360 natant
971 1297 1125 1357 facillime.

108 1395 200 1474 idque
233 1399 315 1458 cadit
347 1400 439 1459 etiam
466 1400 499 1458 in
525 1398 748 1474 Menedemum,
781 1397 893 1473 quippe
921 1394 975 1472 qui
1003 1396 1034 1452 et
1061 1393 1126 1468 ipsc

108 1492 186 1552 πίων
210 1493 330 1553 dicatur
352 1513 371 1554 a
393 1495 516 1554 Laertio
538 1494 570 1552 H
595 1497 668 1554 132.
708 1493 812 1570 itaque
837 1492 944 1568 scripsi
966 1484 1126 1568 κολομβόν,

110 1589 184 1668 quid
206 1591 262 1650 hac
284 1590 417 1668 imagine
441 1589 612 1668 significare
632 1590 765 1652 voluerit
782 1593 886 1667 poeta,
911 1591 1051 1648 accurate
1075 1607 1125 1647 ex-

107 1688 195 1766 ponit
213 1688 382 1747 Numenius
400 1688 432 1746 in
455 1687 629 1749 testimonio
649 1705 741 1765 supra
760 1687 886 1764 scripto,
908 1688 1127 1763 praeterquam

110 1785 191 1863 quod
215 1785 418 1845 intermiscuit
441 1804 531 1846 suum
554 1785 590 1845 de
611 1786 765 1864 Pyrrhone
789 1783 937 1843 iudicium
959 1800 1083 1860 prorsus
1107 1801 1125 1841 a

109 1884 234 1944 Timone
258 1884 398 1944 alienum.
430 1881 474 1943 Of.
497 1883 590 1942 etiam
609 1881 737 1942 eundem
755 1883 774 1939 l.
792 1900 814 1941 s.
828 1881 901 1940 XIV
917 1884 945 1959 6,
960 1883 980 1939 4
999 1901 1028 1956 p.
1046 1881 1126 1941 731⁸
1184 1878 1186 1883 ’

108 1974 257 2061 μετασχὼν
280 1976 334 2059 μὲν
348 1972 553 2062 (Arcesilaus)
566 1972 724 2058 Διοδώρου
743 1979 784 2052 εἰς
802 1973 837 2039 vde
855 1975 1124 2057 πεπανουργήμένα

107 2072 236 2139 πιθᾶνια
253 2081 344 2138 ταῦτα
366 2072 401 2138 τὰ
423 2072 543 2156 κομψά,
567 2068 719 2155 ὡμιληκὼς
743 2072 775 2136 δὲ
793 2070 937 2154 Πύρρωνι
1035 2061 1122 2145 οὗτος

109 2170 162 2252 μὲν
190 2170 227 2254 δή
256 2173 345 2236 ἔνθεν
372 2172 567 2254 καταρτνθεδς,
591 2166 670 2251 πλήν
699 2176 750 2252 τῆς
776 2167 966 2251 προσρήσεως
995 2167 1124 2248 ἐνέμεινε

109 2265 260 2359 Πύρρωνι.
284 2275 376 2349 atque
397 2276 433 2331 ut
447 2272 555 2332 Timon
574 2263 620 2352 (in
640 2271 699 2330 alio
720 2271 846 2348 scripto:
864 2291 892 2331 v.
908 2286 1000 2345 supra
1017 2289 1046 2345 p.
1063 2259 1121 2349 30)

110 2366 223 2444 aliique
238 2368 371 2445 sceptici,
391 2370 433 2428 sic
446 2369 616 2429 Numenius
630 2368 840 2447 Pyrrhoneum
859 2383 1035 2445 germanum
1054 2382 1124 2422 eum

110 2482 174 2523 esse
198 2465 354 2527 contendit
377 2458 429 2547 (cf.
453 2466 472 2525 l.
497 2485 519 2526 s.
540 2487 570 2544 p.
591 2458 695 2548 731b).

511 2603 722 2614 ..ψ-

569 2734 657 2794 XVII

152 2847 293 2936 νήξομαι
317 2853 365 2929 εἰς
388 2847 560 2937 Πύρρωνα
583 2849 639 2916 καὶ
663 2852 710 2927 εἰς
734 2812 872 2916 σκολιὸν
896 2818 1087 2934 Διόδωρον.

107 2976 321 2987 ———-—n-—

174 3051 260 3093 rnsr.
284 3032 457 3092 Laertius
475 3032 636 3110 Diogrv
651 3034 692 3091 33
718 3024 733 3091 ὁ
755 3031 855 3108 Τίμων
877 3024 924 3090 ἐπ’
950 3024 1042 3091 αὐτοῦ
1065 3051 1122 3106 φη-

107 3147 155 3191 σιν
169 3126 274 3202 οὕτως·
299 3131 356 3210 «τῇ
373 3159 411 3168 -
427 3120 604 3206 Διόδωρον»
620 3119 670 3208 (fr.
685 3119 781 3209 XVI),
799 3123 850 3186 καὶ
868 3120 1014 3185 διαλιπὼν
1032 3119 1124 3184 αὐτὸν

106 3233 189 3289 ποιεῖ
207 3225 340 3308 λέγοντα·
368 3217 515 3303 «νήξομαι
536 3255 575 3265 -
594 3217 782 3302 Διόδωρον».

177 3378 290 3417 veroum
304 3377 368 3415 cum
382 3357 613 3415 antecedentibus
626 3356 720 3412 verbis
734 3356 783 3411 uel
797 3351 937 3412 διαλιπών
947 3351 1037 3410 αὐτὸν
1047 3358 1128 3408 ποιεῖ

106 3447 225 3517 λέγοντα
250 3453 366 3521 propter
383 3445 626 3503 homoioteleuton
645 3444 779 3501 omittunt
796 3443 1020 3514 AOGHMPQ
1030 3443 1054 3498 V
1066 3443 1122 3499 Va

106 3535 319 3608 tio.140etf;
348 3537 457 3609 primae
485 3553 550 3591 eum
579 3533 765 3590 exhibuerunt
788 3534 982 3607 Stephaniana
1001 3538 1070 3588 1570
1094 3533 1127 3583 et
