2466 3832
540 157 759 222 ..64-

141 321 309 381 mowitzius
337 322 506 397 exemplum
534 340 570 380 ex
595 321 652 380 hoc
680 321 810 380 carmine
838 320 969 396 petitum
997 341 1060 380 esse
1088 343 1156 399 pro-

141 418 208 476 bari
230 438 422 495 nequaquam
444 422 545 495 potest
553 411 586 498 1).

208 516 400 592 Xenophanis
425 514 575 593 quendam
597 514 750 574 aemulum
772 515 907 575 extitisse
926 516 1157 576 Nicomedem

144 611 239 671 Coum
262 613 334 672 olim
358 630 427 671 sane
451 611 540 670 facile
564 611 674 688 aliquis
697 612 799 688 potuit
821 613 956 673 conicere
983 634 1081 690 neque
1100 615 1156 673 im-

143 709 354 786 probabiliter,
378 728 446 768 cum
469 709 534 768 eius
558 701 778 790 epitaphium²)
802 711 844 768 sic
867 711 1031 788 legeretur:

187 819 280 897 ὅντως
303 823 415 902 δίζηαι,
438 819 501 896 ξένε
524 824 654 900 φίλτατε,
677 823 719 894 τίς
741 818 839 883 πόθεν
863 824 932 902 elul,

188 925 259 994 Κῶς
282 919 336 1000 μέν
359 942 409 999 μοι
431 920 533 998 πατρίς
556 918 645 980 ἔστιν·
669 911 726 997 ἐγὼ
752 913 780 978 d’
806 914 900 997 drona
923 917 1113 1000 Νεικομήδης

187 1012 346 1079 Μουσάων
368 1011 511 1093 θεράπων
535 1011 619 1102 ᾅδων
640 1012 816 1105 duplicasse
834 1009 963 1099 Ὁμήρου

189 1110 289 1187 δόξαις
313 1109 470 1194 ἒγγελοὶσοις
491 1113 655 1192 περίκειμαι
677 1105 798 1190 odonna
819 1107 926 1174 ὕπνον.

149 1231 201 1288 ille
228 1230 325 1306 igitur
347 1230 430 1290 visus
453 1235 499 1289 est
521 1249 581 1289 non
604 1229 702 1288 solum
723 1229 855 1304 parodus
873 1228 966 1287 fnisse
986 1230 1107 1307 qualem
1125 1251 1157 1291 se

144 1327 176 1384 in
194 1327 250 1385 hoc
269 1327 334 1403 ipso
354 1327 507 1404 epitaphio
528 1325 667 1403 ostendit,
687 1325 739 1384 sed
758 1326 850 1385 etiam
863 1326 986 1386 Homeri
1000 1327 1157 1404 opiniones

146 1424 286 1484 similiter
308 1428 399 1501 atque
417 1424 617 1500 Xenophanes
636 1415 809 1503 irrisisse³):
833 1423 885 1482 sed
903 1441 971 1482 oum
989 1443 1067 1482 nuuc
1087 1443 1157 1485 eon·

148 1514 239 1602 stet⁴)
272 1541 331 1581 non
357 1514 488 1600 Ὀμήρου
520 1521 666 1581 traditum
699 1538 775 1597 esse,
808 1521 859 1579 sed
884 1521 1070 1580 OMHPOH
1088 1523 1107 1580 i.
1132 1542 1156 1582 e.

137 1610 278 1696 Ὅμηρον,
297 1622 379 1678 recte
398 1619 612 1678 intellexerunt
630 1618 690 1675 iam
710 1616 892 1692 stephanius
911 1614 995 1696 (titul.
1012 1617 1064 1678 Gr.
1080 1624 1157 1695 part.

144 1712 172 1770 V
190 1733 218 1773 n.
241 1707 296 1794 12)
321 1717 352 1772 et
369 1713 527 1772 Kaibelius
551 1705 654 1792 (optor.
675 1711 727 1772 Gr.
746 1733 774 1770 n.
796 1706 874 1794 101)
893 1714 1044 1774 hominem
1063 1717 1156 1776 fuisse

145 1810 339 1870 Homericum
361 1810 552 1886 rhapsodum.

209 1906 315 1982 Neque
333 1906 416 1965 ullus
435 1910 591 1982 praeterea
610 1905 731 1965 disertis
750 1905 849 1965 verbis
868 1914 1120 1968 commemoratur
1139 1931 1157 1969 a

144 2003 297 2063 veteribus
325 2003 399 2078 ipsis
428 1996 636 2081 οιλλογροὶφος,
665 2021 848 2079 quamquam
871 2005 965 2063 fuisse
988 2006 1063 2065 alios
1086 2009 1158 2067 licet

144 2101 290 2178 suspicari
310 2118 345 2158 ex
362 2099 486 2158 Taetzae
505 2100 585 2175 apud
599 2099 840 2176 Bemhardyium
859 2093 914 2180 (ad
927 2102 1017 2160 schol.
1032 2104 1156 2181 Dionys.

217 2270 243 2338 1)
259 2269 388 2324 Ceterum
401 2269 495 2339 ipsum
508 2267 677 2324 vocabulum
686 2269 855 2338 γεννᾶσθαι,
870 2268 945 2335 quod
953 2270 1157 2339 Xenophanem

145 2365 294 2418 usurpasse
313 2347 368 2404 sibi
385 2347 526 2419 persuasit
540 2347 780 2416 Wilamowitzius,
798 2348 868 2404 mihi
886 2351 962 2404 certo
981 2348 1087 2407 indicio
1104 2357 1157 2421 est,

144 2444 201 2482 non
219 2428 282 2497 ipsa
294 2428 475 2499 Xenophauis
488 2429 575 2483 verba
588 2428 635 2482 hic
648 2429 735 2495 tradi3
755 2428 874 2483 fortasse
889 2428 1024 2496 Clemens,
1042 2431 1089 2499 qui
1104 2431 1157 2487 boc

143 2508 207 2563 loco
229 2507 258 2561 id
282 2508 373 2563 solnm
396 2508 456 2578 egit
477 2509 510 2562 ut
532 2508 665 2577 probaret
688 2525 722 2562 ex
739 2510 865 2563 veterum
886 2525 996 2576 quoqne
1017 2512 1156 2566 sententia

147 2585 230 2639 deum
247 2603 298 2655 per
316 2587 466 2641 simulacra
484 2585 617 2656 cognosci
634 2602 691 2639 non
707 2603 804 2655 posse,
823 2586 1008 2657 complurium
1026 2607 1157 2646 versuum

145 2664 312 2718 sententiam
339 2681 411 2733 quae
438 2667 493 2720 huc
521 2681 578 2719 non
605 2665 693 2719 faciat
720 2665 842 2720 breviter
868 2666 1039 2737 significavit
1064 2671 1158 2739 verbis

144 2743 305 2810 γεννᾶσθαι
323 2741 412 2806 θεούς
431 2744 483 2814 (ita
500 2744 534 2797 ut
552 2743 589 2797 sit
607 2744 783 2799 scribendum
798 2740 881 2800 ‘e’cttdc
900 2748 995 2818 βροτοὶ
1014 2745 1156 2804 δοκέουσί

144 2822 304 2889 γεννᾶσθαι
322 2819 411 2884 θεοὺς
434 2819 462 2890 Ι
467 2818 519 2891 τὴν
541 2817 726 2891 σφετερηοδ’
748 2818 857 2892 ἐσθῆτα
875 2823 944 2879 κτλ]
947 2834 969 2892 );
993 2826 1042 2879 sed
1065 2828 1159 2895 potest

146 2899 231 2953 etiam
249 2900 327 2956 aliud
346 2901 412 2969 quid
430 2902 575 2956 turbatum
590 2919 651 2956 esse
665 2902 900 2971 (improbabiliter
914 2905 1077 2994 Sylburgius
1092 2921 1158 2961 oon·

144 2976 212 3032 iecit
229 2980 370 3034 senarium
388 2978 576 3034 Cleanthist
550 2980 632 3035 stoici
650 2982 729 3050 esse)

216 3059 243 3126 2)
263 3060 328 3127 post
341 3058 557 3114 Pittakisium'
536 3076 576 3114 sic
589 3059 660 3115 haec
673 3061 820 3131 inscriptio
835 3063 992 3119 edebamr'
983 3082 1014 3118 m
1029 3063 1056 3118 C.
1072 3065 1093 3121 I
1108 3065 1156 3121 Gr.

146 3135 159 3188 Ι
175 3153 202 3190 n.
222 3137 290 3192 863¹>
308 3156 335 3208 p.
355 3143 414 3194 918.

215 3220 242 3287 3)
262 3218 303 3272 ef.
323 3216 549 3274 Schneidewinus
574 3218 605 3272 in
628 3219 696 3276 diar.
721 3222 826 3290 antiqu.
853 3227 920 3277 1835
939 3241 967 3291 p.
988 3228 1053 3292 2063
1077 3223 1156 3278 Wei-

147 3295 515 3368 ckerus,syllop.n.12p
537 3305 578 3356 1‘1

215 3377 333 3444 4)Vide
355 3394 428 3432 nunc
453 3377 481 3433 C.
501 3380 520 3434 1.
540 3379 598 3434 Att
618 3379 879 3449 Illn.1alo‚ubi
902 3381 1009 3449 priores
1034 3383 1156 3439 editores

144 3455 231 3588 pabps
263 3459 418 3528 enarratos,
450 3475 568 3526 qnorum
594 3459 701 3528 primns
729 3459 898 3565 stephanius
930 3464 1006 3516 recte
1033 3456 1157 3534 Ὅμηρον

157 3549 202 3602 ⁰81
