2466 3832
506 155 739 220 ..43..-

89 320 215 397 tuerit,
243 321 329 380 nullo
352 319 493 396 proditur
519 318 644 394 indici03
673 318 839 396 excogitari
865 321 963 379 multa
985 321 1123 396 possunt,

106 438 239 496 quorum
271 438 367 477 uuum
399 418 570 493 exemplum
601 415 657 476 hoc
690 419 749 475 eet:
783 415 897 492 „dicite
929 417 1004 475 mihi
1035 434 1123 493 nuno,

106 518 261 592 quotquot
289 514 362 575 estis
390 513 543 591 sophistae
568 547 610 556 -
633 533 687 576 vos
711 512 791 573 enim
814 513 899 573 scitis
928 514 1041 592 omnia,
1068 532 1123 575 nos

107 632 179 673 vero
213 603 368 694 (sceptici)
399 612 477 671 nihil
507 631 564 689 pro
596 616 678 672 certo
709 610 855 670 habemus
888 600 930 690 (v.
956 611 1057 671 adnot.
1085 611 1124 671 ad

107 709 144 768 tr.
163 700 194 790 Ι)
213 741 270 786 -‚
298 709 448 787 quomodo
470 709 595 769 tandem
622 700 741 789 (ὅππως
764 700 801 784 δὴ
826 731 868 754 ==
891 707 925 764 Π
945 699 1023 788 113)
1046 709 1123 768 veri-

106 810 205 868 tatem
227 806 325 884 ipsam
347 806 469 883 assequi
491 807 650 883 possimus.
692 803 782 864 audio
807 803 928 881 quidem
951 821 1007 862 sua
1029 823 1125 863 uuum

107 922 260 981 quemque
291 907 428 964 vestrum
463 905 578 981 placita
609 905 832 963 asseverantem
863 900 1020 962 verissima
1052 918 1124 960 esse.

106 1002 161 1061 sed
187 1001 302 1078 placita
328 1004 431 1061 vestra
459 1000 561 1060 omnia
587 1000 667 1059 inter
693 1007 731 1059 se'
753 1002 905 1077 pugnant:
934 997 1002 1076 quis
1030 998 1126 1076 igitur

107 1097 282 1174 probandus
306 1094 372 1156 est?
395 1096 452 1155 hoc
471 1100 507 1156 ut
524 1115 743 1175 cognoscerem,
766 1115 864 1173 nuper
885 1095 1000 1172 ipsein
1015 1094 1127 1156 Orcum

108 1195 263 1271 profectus
293 1212 361 1253 sum
388 1197 420 1252 et
447 1193 576 1254 narrabo
603 1193 689 1255 vobis
718 1212 796 1271 quae
819 1192 863 1250 ibi
885 1196 1026 1269 expertus
1050 1211 1125 1252 sum.

108 1292 295 1368 simulatque
318 1290 470 1368 descendi,
493 1291 578 1350 audii
600 1310 745 1369 magnum
766 1290 949 1350 certantium
970 1291 1127 1350 hominum

107 1389 278 1448 tumultum
299 1391 393 1465 atque
416 1406 578 1465 aggressus
600 1388 664 1450 vidi
685 1389 862 1447 immensam
879 1387 1059 1467 λογομαχίαν
1081 1387 1126 1445 in-

109 1489 158 1544 ter
179 1484 375 1561 philosophos
398 1481 560 1545 exortam.“

178 1580 303 1658 Iamque
322 1582 460 1658 sequitur
479 1582 706 1642 enumeratio
725 1600 829 1641 eorum
849 1599 925 1658 quos
939 1581 1127 1657 conspexerit

108 1676 360 1756 philosophorum
387 1680 522 1756 apprime
545 1678 741 1739 accomodata
763 1678 803 1737 ad
824 1679 1001 1755 catalogum
1024 1696 1128 1738 eorum

109 1793 187 1853 quos
206 1774 310 1835 Vlixes
329 1775 361 1834 in
380 1774 457 1837 Orco
476 1777 598 1854 viderit,
622 1774 746 1836 adiectis
769 1793 866 1852 usque
889 1775 995 1852 paucis
1018 1774 1128 1851 verbis,

110 1873 222 1950 quibus
261 1876 363 1933 tamen
400 1875 573 1935 acutissime
610 1875 817 1934 deformentur
852 1872 944 1932 unius
981 1871 1128 1949 cuiusque

109 1988 208 2032 mores
231 1970 453 2047 praecipueque
477 1970 612 2030 certandi
634 1971 772 2031 virtuter.
819 1975 911 2048 atque
933 1970 1129 2030 memorabile

111 2068 233 2146 quidem
256 2072 302 2128 est
325 2067 473 2127 eiusmodi
495 2069 651 2145 catalogos
674 2069 706 2127 in
729 2087 789 2128 usu
806 2068 900 2128 fuisse
919 2067 1001 2144 apud
1018 2065 1129 2126 Home·

110 2165 189 2227 rlcos
211 2165 355 2243 parodos‚
377 2169 414 2225 ut
437 2183 455 2223 a
473 2165 611 2224 Matrona
634 2165 717 2241 apud
734 2164 940 2225 Athen-XIII
956 2183 986 2240 p.
1007 2164 1071 2222 134
1085 2179 1129 2239 sq.

111 2262 323 2340 lougaseries
351 2263 510 2339 epularum
534 2263 567 2319 in
589 2262 738 2321 rationem
765 2263 975 2338 catalogorum
997 2257 1131 2330 Νεανίας

111 2364 143 2419 et
157 2359 300 2432 Βοιωτίας
315 2351 357 2441 (v.
373 2363 402 2419 4.
419 2361 469 2419 30.
486 2361 541 2436 36;
557 2361 607 2417 22.
623 2360 675 2418 33.
690 2350 749 2439 50)
763 2360 966 2434 enumeratur,
981 2360 1012 2416 et
1027 2355 1131 2415 eodem

111 2459 174 2519 fere
204 2457 294 2518 modo
321 2460 515 2517 recensentur
542 2457 574 2517 in
602 2455 715 2514 Iuliani
738 2453 917 2514 Caesaribus
945 2453 1059 2530 singuli
1085 2452 1130 2510 in·

112 2554 283 2633 gredientes
306 2555 511 2631 imperatores.
557 2553 722 2614 solemnem
743 2572 815 2614 vero
838 2553 915 2611 hanc
939 2549 1130 2612 eonsuetudi-

66 2708 69 2713 .
111 2670 183 2710 nem
204 2650 297 2709 etiam
316 2656 443 2728 aposta
461 2652 596 2712 Phliasio
615 2652 647 2710 in
666 2652 743 2711 sillis
762 2650 944 2711 adornandis
963 2648 1132 2708 adhibitam
1206 2676 1209 2681 ·

113 2766 192 2824 esse,
217 2747 328 2808 adsunt
345 2749 428 2808 haud
445 2769 561 2826 paucae
581 2768 658 2827 quae
678 2749 843 2809 clarissime
862 2748 1039 2808 confirment
1061 2745 1131 2805 reli-

113 2845 217 2922 quiae,
241 2843 378 2919 inprimis
402 2864 454 2905 eae
473 2845 506 2904 in
525 2847 636 2924 quibus
654 2847 746 2908 verba
766 2843 815 2906 cci
835 2845 903 2907 ἴδον
921 2848 953 2905 et
971 2844 1082 2904 similia
1100 2843 1133 2901 in

113 2941 231 3024 Νεανίμ
253 2941 446 3019 frequentata
469 2944 667 3019 reperiantur.

180 3038 299 3101 Horum
321 3039 418 3117 igitur
439 3040 690 3117 philosophorum
713 3041 821 3100 Timon
843 3040 918 3100 dicit
941 3057 973 3098 se
995 3039 1028 3097 in
1050 3038 1137 3114 prin-¹

113 3136 232 3214 cipibus
251 3136 440 3212 conspexisse
456 3136 665 3197 Democritum
682 3137 850 3216 περίφρονα
867 3132 994 3214 ποιμένα
1014 3128 1133 3211 μύθων,

114 3227 265 3310 ἀμφίνοον
283 3235 409 3311 λεσχῆνα
428 3223 479 3313 (fr.
496 3225 541 3314 Π)
567 3238 598 3293 et
615 3234 822 3312 Pythagoram
839 3231 1034 3312 σεμνηγορίης
1052 3223 1133 3308 ὀαρι-

116 3324 189 3408 στήν
207 3322 258 3412 (fr.
273 3323 344 3412 111),
363 3335 432 3390 tum
450 3329 639 3390 Parmenidis
658 3331 729 3410 βίην
748 3321 956 3409 μεγαλόφρονα
979 3318 1030 3408 (fr.
1045 3318 1133 3407 1111),

116 3427 186 3488 dein
214 3429 342 3489 Zenonis
370 3428 497 3488 Eleatae
525 3419 808 3508 ἀμφοτερογλώσσου
841 3423 914 3506 μέγα
943 3420 1052 3497 σθένος
1079 3415 1135 3484 οὖν

78 3554 82 3559 ·
116 3518 291 3587 ἀλαπαδνόν
319 3526 535 3603 Melissumque
563 3515 614 3605 (fr.
637 3517 680 3606 V)
711 3527 803 3600 atque
832 3521 959 3610 Thalem
987 3512 1038 3602 (fr.
1061 3514 1152 3626 Ἧης.
