2466 3832
506 177 549 187 —
595 142 638 205 94
684 179 725 186 -
995 165 1124 208 umorue

108 299 185 367 θηρῆ
204 297 285 367 Diog.
304 297 404 366 ΠΨ,
423 296 517 368 θήρην
537 297 619 367 Diog.
640 297 666 353 G
688 300 692 366 Ι
718 293 851 367 ὀαριστήν
869 298 951 369 Diog.
974 298 1007 367 G,
1027 295 1042 353 δ
1062 295 1124 369 ολρι-

109 385 176 454 στη’ν
194 384 275 456 Diog.
295 387 326 441 F
331 388 364 441 H

177 573 272 614 conco.
304 555 374 614 Sine
398 555 534 630 exemplo
558 555 586 611 h.
609 554 629 611 l.
654 553 832 614 adiectivi
858 558 1000 613 naturam
1022 555 1124 618 induit

23 636 26 643 ¹
108 644 187 730 γύης.
234 653 271 711 ‹le
298 652 423 730 magicis
451 652 642 729 Pythagorae
675 650 792 710 artibus
823 655 945 728 praeter
976 671 1011 710 ea
1044 673 1122 730 quae

108 747 289 808 Plutarchus
317 751 383 809 loco
412 767 504 825 supra
527 748 675 824 exscripto
699 750 806 809 attulit
828 749 964 810 narravit
990 752 1124 827 permira

107 846 309 906 Nicomachus
324 847 405 924 apud
414 846 625 923 Porphyrium,
637 845 674 904 de
683 847 812 924 Pythag.
824 845 844 922 ἓ
856 850 986 907 23-25
1002 852 1033 907 et
1042 849 1122 906 Iam·

107 944 234 1021 blichus‚
248 945 301 1004 vit.
316 945 405 1021 Pyth.
419 946 548 1003 60-62
566 935 617 1024 (cf.
633 962 708 1003 mus.
723 944 816 1003 Rhen.
831 945 947 1003 XXVII
957 965 986 1021 p.
999 948 1038 1005 29
1049 938 1122 1028 sq.);

108 1045 199 1117 atque
223 1042 284 1099 iam
303 1042 437 1100 Timonis
461 1045 560 1100 aetate
582 1041 656 1100 satis
680 1059 837 1100 commune
859 1043 953 1101 fuerit
976 1042 1122 1102 iudicium

107 1138 197 1215 illud,
227 1138 308 1214 quod
335 1139 371 1197 de
400 1157 434 1198 eo
462 1137 573 1198 Micion
600 1139 633 1196 in
660 1139 787 1197 Luciani
816 1138 904 1199 Gallo
931 1140 1048 1216 profert
1074 1142 1121 1200 his

108 1235 207 1295 verbis
226 1228 318 1314 γόητύ
332 1252 407 1312 φασι
425 1232 475 1294 καὶ
492 1228 685 1314 τερατουργὸν
698 1229 750 1296 τὸν
768 1231 941 1314 ύνθραπον.
978 1237 1123 1297 audacter

107 1333 199 1392 etiam
222 1333 404 1394 vocabulum
422 1333 616 1393 Homericum
638 1326 787 1410 ὀαριστής,
812 1353 871 1411 quo
890 1335 988 1394 Minos
1013 1334 1121 1394 descri-

105 1431 190 1491 bitur
216 1434 374 1508 tamquam
401 1422 616 1506 συνουσιαστής
638 1425 671 1488 ἐν
691 1425 790 1511 λόγοις
813 1452 849 1490 ex
871 1432 1121 1508 interpretatione

106 1528 305 1588 Pa-Platonis
324 1529 395 1587 Min.
415 1547 439 1586 c.
456 1528 497 1586 14
513 1547 542 1603 p.
559 1529 645 1606 319⁰,
668 1547 754 1588 nemo
773 1549 844 1589 vero
867 1533 1024 1606 praeterea
1046 1548 1121 1590 usus

106 1629 165 1703 est,
194 1626 302 1686 Timon
329 1625 484 1685 coniunxit
507 1642 576 1683 cum
599 1623 752 1686 abstracto
775 1627 895 1686 nomine
918 1627 1121 1706 σεμνηγορίης.

107 1723 188 1800 quod
206 1723 307 1800 ipsum
325 1723 450 1783 novavit
467 1726 504 1782 ut
519 1722 780 1800 Pythagoreorum
799 1722 996 1800 symbolicam
1014 1724 1120 1783 dictio·

105 1841 175 1879 nem
198 1820 381 1897 significaret
405 1820 597 1880 oraculorum
624 1820 823 1879 sollemnitati
851 1821 1120 1898 aequiparandam:

106 1917 142 1975 cs.
157 1916 310 1975 Plutarch.
322 1908 366 1998 (ί)
390 1917 471 1994 apud
490 1916 572 1976 Stob.
587 1916 650 1975 flor.
664 1915 693 1972 V
709 1918 749 1975 72
774 1913 824 1975 καὶ
848 1909 907 1993 μὴν
930 1910 1020 1977 οὐδέν
1042 1915 1121 1978 ἐστιν

105 2008 183 2075 οὕτω
204 2016 256 2091 τῆς
278 2016 493 2093 Πυθαγορικῆς
516 2013 695 2091 φιλοσοφίας
718 2012 797 2072 ἴδιον
820 2005 860 2085 ὡς
877 2007 909 2074 τὸ
928 2009 1120 2092 συμβολικόν,

106 2104 172 2172 οἷον
186 2109 219 2171 ἕν
232 2114 327 2194 τελετῇ
346 2108 524 2192 μεμιγμένον
542 2106 692 2194 φωνῇκαὶ
710 2112 807 2191 σιωπῇ
826 2109 1016 2184 διδασκαλίας
1034 2109 1121 2193 γένος

200 2203 240 2282 ὦς
263 2202 319 2290 γὰρ
343 2201 359 2271 ὁ
383 2204 457 2282 ύναξ
480 2201 496 2270 ὁ
520 2205 553 2268 ἐν
572 2210 702 2286 Δελφοῖς
726 2201 792 2267 ούτε
815 2204 890 2288 λέγει
912 2203 978 2269 ούτε
1001 2204 1121 2288 κρύπτει

105 2300 178 2367 σἰλλδι
197 2308 343 2385 σημαίνει,
362 2300 435 2366 κατὰ
453 2299 505 2367 τὸν
513 2297 712 2383 Ἡράκλειτον,
732 2299 808 2365 οὕτω
822 2307 881 2365 τῶν
894 2308 1120 2388 Πυθαγορικῶν

106 2399 264 2484 συμβόλων
282 2402 332 2464 καὶ
351 2398 383 2465 τὸ
407 2397 573 2483 φράζεσθαι
592 2403 703 2464 δοκοῦν
721 2396 923 2481 κρυπτόμενύν
941 2401 1000 2464 ἐστι
1018 2403 1069 2465 καὶ
1086 2399 1118 2466 τδ

104 2496 286 2580 κρύπτεσθαι
309 2496 482 2579 νοούμενον.
520 2503 654 2560 ceterum
676 2520 714 2560 ne
737 2501 794 2560 hoc
818 2501 940 2579 quidem
962 2503 1119 2579 epitheton

105 2602 243 2658 acumine
262 2603 357 2674 caret3
376 2618 446 2658 nam
465 2601 497 2657 et
515 2597 695 2676 significatio
710 2598 796 2658 verbi
809 2599 1004 2678 σεμνηγορίης
1022 2601 1119 2659 tincta

106 2701 152 2755 est
166 2696 367 2756 affectationis
386 2700 417 2755 et
432 2695 644 2755 ostentationis
662 2696 785 2754 notione
801 2699 832 2755 et
846 2689 983 2774 ὀαριστής
997 2697 1118 2757 αἰδοίαν

105 2793 211 2851 acerbe
226 2793 325 2851 dictus
340 2810 405 2851 esse
419 2792 619 2869 Pythagoras,
635 2793 706 2868 quia
720 2785 858 2870 ὀαριστύν
872 2793 954 2852 idem
967 2793 1116 2852 Homerus

104 2886 221 2954 5216.
242 2893 304 2950 21?
330 2881 377 2970 (ἐν
401 2883 429 2948 δ’
453 2882 587 2966 ὀαριστύς
608 2883 612 2966 λ
632 2883 799 2966 πάρφασις,
822 2884 843 2968 ἥ
865 2883 892 2949 τ’
918 2888 1021 2967 ἔκλεψε
1044 2882 1118 2950 νόον

104 2982 184 3047 πύκα
202 3007 257 3065 περ
275 2979 478 3068 φρονεόντων)
502 2986 778 3045 confabulationem
802 3007 862 3064 qua
885 2987 995 3064 aliquis
1014 3004 1116 3046 occae-

106 3089 174 3144 cata
195 3087 296 3144 mente
318 3085 474 3161 pollicitor
495 3103 559 3143 esse
582 3083 693 3161 voluit,
716 3077 770 3161 τὴν
788 3077 1034 3163 παρυλογιστικην
1053 3076 1117 3162 ὁμι-

104 3182 170 3242 λίαν
204 3183 267 3243 sivc
300 3174 454 3261 διήγησιν,
487 3183 523 3240 ut
555 3181 669 3240 scholia
701 3185 731 3241 et
762 3181 891 3260 Hesych.
925 3204 953 3243 v.
983 3175 1119 3260 ὀαριστύς

104 3280 263 3356 explicant.

503 3407 717 3415 ——-—-
