2466 3832
501 170 539 193 ’-
590 148 653 213 134
701 185 738 194 -
1003 172 1135 215 umorue

108 314 205 374 monis
234 313 316 388 apud
339 313 532 372 Athenaeum
559 311 725 372 admirator
746 331 842 388 paene
865 311 991 389 nimius3
1019 313 1135 374 idcirco

110 411 289 470 crediderim
317 411 431 470 maiore
460 429 530 468 cum
555 409 771 485 probabilitate
795 410 834 469 ad
857 409 1015 468 Timonem
1041 430 1151 493 quarn¹

112 527 181 567 cum
195 508 346 568 Meinelrio
366 499 412 588 (in
430 507 588 585 proecdosi
606 506 646 566 ad
664 506 777 568 Oratet.
791 509 827 566 fr.
842 499 903 590 HI)
923 508 962 566 ad
979 505 1137 568 Oratetem

111 624 181 664 eum
203 606 322 682 referri,
345 604 498 682 siquidem
521 637 563 645 -
588 604 687 682 quode
711 623 783 664 sane
805 609 907 682 potest
930 604 1066 664 dubitari
1090 637 1135 645 —

109 703 310 780 philosophus
324 702 530 780 AsclepiadeS,
549 721 647 779 neque
666 706 702 762 ut
720 703 803 780 apud
816 703 982 763 Homerum
996 707 1028 762 et
1042 721 1061 761 a
1076 701 1136 780 Oy-

111 804 201 862 nulco
220 805 286 881 ipso
301 801 435 861 medicus
455 802 579 879 quidam
596 800 785 878 significatus
801 805 855 859 est.
884 820 944 878 qua
958 800 1137 859 coniectura

112 904 236 977 accepta
263 904 381 958 certum
405 902 452 958 est
475 900 549 958 haec
572 917 632 958 non
655 898 791 974 potuisse
815 897 875 956 dici
897 898 956 956 nisi
979 897 1010 954 in
1033 898 1136 973 primo

112 996 250 1056 sillorum
280 996 372 1055 libro:
406 997 510 1072 itaque
542 996 602 1055 huc
633 996 714 1055 traxi
741 999 772 1055 et
800 995 1013 1072 Asclepiadem
1039 1015 1137 1073 prope

112 1095 243 1152 amicum
261 1093 472 1152 Menedemum
494 1094 590 1171 posui.
629 1093 680 1152 sed
704 1093 817 1170 siquis
838 1093 995 1171 negaverit
1013 1112 1050 1152 ex
1069 1094 1137 1153 ullo

112 1191 242 1250 carmine
275 1190 355 1249 hunc
385 1209 508 1250 versum
535 1187 790 1272 πεπαρφδημένον
817 1191 950 1268 petitum
973 1209 1051 1266 esso,
1085 1210 1136 1248 me

111 1308 172 1349 non
204 1288 328 1348 habebit
356 1289 492 1367 graviter
519 1289 732 1366 refragantem.
757 1320 798 1328 —
826 1292 960 1348 ceterum
988 1288 1137 1346 audacter

113 1387 152 1445 ad
178 1405 315 1446 normam
337 1387 468 1446 nominis
492 1378 647 1458 Αἰδωνεός
668 1385 775 1445 fictum
798 1390 845 1445 est
869 1379 1037 1462 Χαρωνεύς,

559 1741 691 1799 XXVH]

179 1859 202 1942 †
226 1854 330 1940 λόγον
355 1850 546 1940 ἀναστήσας
569 1852 788 1942 ὀφρνοόμενος
810 1851 1065 1942 ἀφροσιβόμβαξ

135 1983 331 1991 -.—-.-.—.—-

180 2059 267 2102 nasu.
290 2040 464 2100 Laertius
487 2039 589 2117 Diog.
613 2039 645 2098 H
670 2041 732 2100 126
761 2038 897 2115 pulvereo
925 2031 1009 2117 dolo
1033 2034 1133 2099 Μενέ-

116 2138 209 2218 δημος
238 2132 343 2216 σεμνὸς
370 2137 480 2210 ἱκανῶς
507 2134 658 2217 γενέσθαι·
682 2131 757 2199 ὅθεν
779 2130 871 2197 αὐτόν
893 2130 1012 2216 Κράτης
1034 2157 1135 2218 παρφ·

116 2237 180 2298 δῶν
198 2254 273 2315 φησι
292 2285 298 2296 .
315 2285 320 2296 .
337 2284 343 2295 .
362 2230 379 2296 ό
399 2231 431 2295 δὲ
453 2236 553 2314 Τίμων
572 2229 661 2296 οὕτω·
686 2228 796 2314 «λόγον
816 2266 857 2274 -
877 2227 1135 2311 ἀφροσιβόμβαξ».
1169 2256 1174 2262 ·

115 2326 339 2416 (Hesychius
368 2335 432 2394 Mil.
461 2353 484 2393 c.
509 2337 551 2412 44
574 2355 603 2411 p.
629 2335 684 2411 35,
709 2335 727 2393 5
756 2332 858 2390 Flach.
890 2319 930 2409 ἦν
964 2326 996 2390 δὲ
1028 2324 1136 2408 σεμνὸς

117 2431 238 2504 ἱκανῶς·
262 2427 336 2493 ὅθεν
359 2425 431 2513 κτλ.)
1160 2438 1164 2447 ’

183 2585 210 2620 v.
231 2572 244 2617 1
270 2562 353 2634 λόγον
380 2564 447 2618 libri
472 2580 561 2634 paene
585 2580 695 2620 omnes:
719 2564 812 2633 λέγειν
831 2563 866 2617 H
881 2567 910 2619 et
929 2560 1062 2618 Marcion.
1078 2566 1133 2616 394

116 2655 267 2722 (inquom.
279 2658 295 2706 2
311 2670 379 2707 corr.
390 2653 420 2705 in
429 2648 537 2721 λάγυνος
551 2652 636 2721 λῆρον
646 2652 732 2706 Hadr.
743 2652 850 2718 Iunius;
865 2649 956 2722 λόφον
967 2652 997 2708 F.
1006 2649 1134 2718 Schocll;

116 2741 180 2794 fort.
204 2736 274 2793 λαὸν
297 2741 344 2795 vel
368 2736 451 2808 ὄχλον
468 2742 472 2808 Ι
488 2735 629 2808 ἀνστήσας
652 2740 762 2811 Roaper
785 2741 883 2811 philol.
902 2741 943 2795 IX
965 2759 992 2810 p.
1013 2744 1046 2793 18
1070 2754 1136 2794 cum

118 2827 240 2882 editione
255 2824 404 2881 Tauchnit.
421 2829 425 2896 Ι
442 2822 627 2898 ὀφρνώμενος
640 2828 770 2883 Meinelre
783 2827 882 2899 philol.
892 2828 945 2886 XV
954 2849 981 2900 p.
991 2825 1135 2896 832·(coll.

114 2915 233 2985 Hesych.
257 2934 282 2970 v.
308 2911 569 2995 αατοφρνόμενος)ε
598 2912 788 2988 όφρνωμενος
815 2919 885 2989 (sine
908 2919 1036 2986 accentu)
1056 2915 1136 2987 1²¹9,

115 3001 307 3075 ὠφρυωμένος
330 3004 417 3060 ceteri
441 3004 508 3061 libri
529 3006 587 3061 mei
604 3023 700 3062 omnes
720 3009 749 3062 et
769 3007 888 3077 Hesych.
909 3007 985 3077 quod
1007 3005 1137 3062 defendit

114 3093 315 3163 Wilamowitz,
345 3095 501 3166 Autiqouoc
523 3115 551 3166 p.
570 3101 604 3151 96
630 3097 717 3152 talem
739 3094 919 3165 illegitimam
942 3094 1136 3166 synaloephen

117 3183 230 3238 Timoni
248 3184 460 3239 condonandam
477 3199 536 3240 esec
551 3186 641 3252 ratum
660 3181 846 3256 όφρνωμὲνος
860 3183 1007 3254 Menagiue
1022 3184 1051 3237 ct
1065 3183 1134 3238 olim

116 3271 243 3326 defendit
269 3272 406 3327 Meineke
426 3273 463 3326 ad
486 3273 627 3328 Theocrit.
646 3272 711 3328 XIV
730 3279 763 3328 51
782 3292 810 3342 p.
829 3278 882 3327 297
911 3271 1042 3326 similiter
1069 3288 1136 3326 con-

116 3360 244 3415 formatio
262 3360 408 3429 perfectis3
434 3357 620 3431 ὥφρνόμενος
637 3350 751 3431 Βοορον
764 3361 784 3415 1.
803 3378 825 3414 e.
844 3377 908 3416 cum
927 3359 1136 3413 Tanchnitiana

118 3449 121 3520 l
142 3444 358 3521 ἀφροσιβόμβαξ
378 3449 518 3518 Diogenes
537 3449 668 3519 Fara),
693 3448 814 3518 Hesych.
833 3449 873 3503 A:
897 3444 1002 3518 ἄφροσι
1024 3443 1135 3519 βόμβαξ

115 3535 200 3604 Dicg.¹
215 3534 257 3602 Β,
275 3535 396 3604 Hesych.
413 3536 455 3604 B3
480 3531 695 3607 ἄφροσινόμβαξ
714 3537 795 3605 Diog.
814 3535 850 3589 Η
868 3537 899 3590 et
916 3533 1001 3590 Marc.
1021 3540 1074 3590 394
1092 3534 1137 3607 (in
