2466 3832
499 200 719 263 ...27-

97 357 316 446 posuerunt¹):
344 368 436 441 atque
459 363 540 422 idem
562 364 668 423 fecisse
691 365 926 422 consentaneum
949 367 996 422 est
1017 363 1116 422 Timo·

101 483 181 541 nem,
206 482 296 541 quem
314 466 418 521 tamen
436 457 615 520 crediderim
632 479 669 518 ex
686 479 768 520 more
788 478 843 519 suo
866 461 898 518 in
920 462 976 520 hoc
996 479 1117 538 quoque
1189 467 1193 476 '

28 544 36 557 ⁰
98 562 271 620 carminum
301 578 409 638 genere
438 558 625 619 adversarios
653 558 798 617 acerrimo
826 558 995 634 perfudisse
1023 562 1117 618 aceto.

99 659 157 718 sed
180 658 314 718 Timonis
343 657 491 717 eiusmodi
517 672 640 732 prorsus
667 657 770 714 nullae
794 658 931 715 servatae
955 658 1027 713 sunt
1048 656 1118 714 reli-

101 756 207 834 quiae,
232 755 330 833 quode
353 756 403 815 vel
425 754 493 813 ideo
517 752 653 812 dubitari
673 753 792 830 nequit,
817 752 898 829 quod
920 752 1022 811 nullae
1046 756 1118 811 sunt

98 853 210 913 ionicis
233 852 366 912 numeris
389 852 566 928 adstrictae,
597 851 640 908 eis
663 853 766 908 sutem
789 849 922 908 numeris
946 864 1064 925 semper
1086 849 1119 907 ni

77 960 86 973 ’
105 951 197 1011 fallor
211 950 375 1027 conscripti
389 953 476 1008 erant
488 946 627 1008 κίναιδοι,
659 967 729 1006 nam
747 948 827 1006 idem
845 951 937 1024 atque
957 939 1118 1006 ὁκιναιδο·

103 1040 189 1126 λόγος
220 1047 282 1105 fuit
308 1039 325 1105 ὁ
353 1038 558 1124 ἰωνικολόγος,
591 1049 622 1105 et
649 1030 685 1105 ut
712 1065 782 1104 cum
808 1045 945 1104 Varrone
978 1034 1028 1125 (fr.
1054 1045 1117 1102 357

101 1136 277 1225 Bllcheler.)
310 1146 432 1221 loquar,
466 1137 616 1221 Ἀχιλλέως
647 1135 790 1220 ἡρωικάς,
823 1136 943 1213 λανικός
970 1140 1119 1216 κιναίδου,

100 1259 267 1319 omnesque
295 1241 490 1301 cinaedorum
516 1258 622 1300 versus
651 1260 726 1318 quos
754 1240 893 1301 novimus
925 1242 996 1298 sunt
1028 1239 1121 1299 ionici

101 1339 136 1396 et
164 1357 182 1396 a
209 1339 384 1398 clarissimis
417 1338 666 1414 cinaedogrsphis
694 1357 802 1398 nomen
831 1338 942 1396 duxere
970 1336 1119 1396 Sotadeus
1169 1363 1178 1376 κ

103 1438 137 1494 et
160 1428 416 1516 cleomaoheusl).

171 1532 283 1593 Prosa
314 1552 400 1596 vero
433 1533 600 1592 oratione
630 1532 738 1590 Timon
771 1504 945 1606 scripsst'si
972 1529 1045 1588 fides
1074 1533 1121 1589 est

102 1628 250 1707 Diogenis
281 1630 468 1707 testimonie,
501 1629 612 1706 viginti
643 1628 740 1686 millia
767 1640 912 1690 versuum
938 1626 970 1684 id
998 1629 1044 1685 est
1072 1630 1121 1687 tot

25 1756 32 1765 ·
103 1726 170 1785 fere
203 1731 279 1804 quot
310 1729 555 1805 complectuntur
585 1730 724 1803 septem
750 1725 872 1802 Iosephi
900 1725 1121 1802 antiquitatum

105 1823 192 1902 libri3
219 1824 278 1884 nisi
304 1825 403 1885 mavis
430 1844 590 1884 numerum
617 1824 765 1883 traditum
793 1826 824 1882 et
846 1823 878 1880 in
901 1822 959 1881 fine
988 1823 1122 1901 catalogi

101 1923 240 2000 positum
267 1916 306 1981 ad
334 1923 473 1982 omnium
498 1923 645 1981 librorum
673 1925 704 1981 et
731 1923 921 1999 poeticorum
949 1925 980 1981 et
1006 1922 1120 1998 prosai-

103 2037 211 2080 corum
239 2038 388 2079 summam
414 2013 622 2102 creussen-0⁸).
649 2024 759 2097 -atque
788 2038 859 2078 sane
886 2020 1052 2095 permirum
1075 2022 1122 2077 est

104 2118 272 2177 carminum
290 2135 396 2207 versus
414 2137 475 2177 non
493 2118 654 2195 numerari,
673 2117 826 2176 numerari
843 2133 950 2192 prosae
966 2115 1120 2192 orationis

106 2303 234 2373 Πρίηπος
251 2298 386 2374 Ἀμαζῶν;
410 2303 485 2357 idem
508 2303 644 2374 probatur
666 2302 758 2357 titulis
778 2301 961 2356 Sotadeorum
984 2300 1120 2364 librorum

104 2377 185 2445 Ἰλιιλς
204 2383 279 2453 apud
296 2381 498 2453 Hephaestion.
518 2402 545 2453 p.
563 2389 597 2437 21
617 2384 659 2438 ed.
679 2380 765 2436 Gaisf.
785 2381 813 2434 et
825 2376 939 2442 Ἄδωνις
956 2378 1024 2434 ibid.
1043 2398 1070 2449 p.
1090 2386 1120 2444 83

107 2477 174 2531 prae
193 2462 293 2518 ceteris
307 2479 373 2517 vero
389 2461 502 2517 Sotadis
516 2480 599 2518 versu
613 2479 658 2533 ap.
668 2459 758 2531 Heph.
769 2466 824 2530 p.3
844 2461 907 2513 τίνα
921 2458 977 2513 τῶν
992 2459 1120 2512 παλαιῶν

104 2537 238 2610 ἱστοριῶν
255 2536 353 2597 θέλετ’
369 2539 532 2598 ἐσακοῦσαι.

179 2621 206 2689 1)
226 2619 267 2674 ef.
283 2614 558 2692 αλια-Πρω
573 2622 730 2677 esuristis.
746 2619 862 2687 Quintil.
874 2626 917 2689 an,
936 2617 1015 2674 ouius
1033 2617 1122 2673 verbe

102 2694 178 2769 μετὰ
205 2701 404 2772 πεπλασμένος
430 2704 605 2771 νιιοκοίσαας
627 2701 833 2758 Rossbachium
859 2704 889 2754 et
912 2697 1121 2768 Westphalium
1147 2740 1157 2755 .

105 2777 214 2836 metria.
225 2797 252 2850 p.
264 2781 330 2836 3261
343 2799 492 2852 perperam
505 2783 705 2852 interpretatos
720 2798 779 2838 esse
793 2783 823 2836 et
837 2781 941 2834 frustra
950 2777 1123 2833 Meinelrium

103 2858 176 2915 dior.
192 2859 299 2930 antiqu.
316 2866 384 2916 1849
402 2879 431 2931 p.
445 2868 498 2916 414
516 2864 641 2916 mutasse
658 2861 689 2916 in
707 2859 778 2932 perci
798 2857 989 2929 scototopicos
1007 2853 1122 2924 ὑποκρί-

104 2955 178 3002 σεως
196 2941 325 3008 arbitror,
346 2942 395 2996 sed
410 2945 485 2997 recte
499 2940 671 2996 intellexisse
685 2940 814 2995 Iahnium
828 2942 847 2996 1.
862 2959 882 2994 s.
898 2959 925 3010 p.
937 2943 989 2994 258
1004 2939 1068 2993 adn.
1079 2943 1122 2992 θλ.

177 3021 205 3088 2)
225 3019 268 3074 De
287 3017 468 3089 ἰωνικολόγος
487 3019 522 3074 cf.
536 3019 640 3075 Athen.
654 3021 720 3075 XIV
734 3040 761 3091 p.
777 3026 854 3087 62603
873 3021 907 3074 de
927 3018 1048 3092 Sotades
1066 3017 1122 3072 He-

105 3097 218 3167 phaest.
237 3118 266 3170 p.
286 3105 302 3154 6
322 3099 424 3168 (laist,
452 3099 487 3153 de
512 3099 696 3155 Cleomacheo
715 3100 899 3167 Meinekium,
928 3099 1001 3154 Οοκι.
1027 3097 1076 3152 Gr.
1096 3096 1123 3149 H

106 3183 258 3249 p.2'1sq.;
283 3179 348 3235 vide
372 3178 459 3233 etiam
482 3177 592 3233 cinaedi
614 3176 795 3232 insulsissimi
818 3191 914 3233 versus
932 3176 1008 3245 apud
1027 3175 1123 3229 Petro-

26 3282 33 3293 ·
105 3257 199 3326 nium,
217 3260 295 3315 satir.
316 3264 359 3313 23.

179 3340 208 3407 3)
232 3337 313 3404 Quod
333 3337 357 3391 si
374 3336 551 3408 probaveris,
577 3338 627 3390 aut
644 3336 826 3405 neglegentis
843 3332 977 3404 Diogenis
1000 3348 1123 3387 errorem

105 3420 237 3473 exortum
250 3434 311 3474 esse
326 3417 438 3472 credere
451 3413 559 3487 poteris
574 3417 624 3469 aut
636 3415 788 3470 oscitantia
801 3414 990 3482 librariorum,
1005 3428 1124 3481 quorum

108 3497 193 3567 culpo
214 3499 281 3568 post
297 3497 428 3552 τιλνοντοι
450 3494 627 3551 interciderit
644 3492 683 3549 rol
702 3490 828 3561 κάννας
856 3494 981 3549 ceterum
1004 3490 1045 3554 εἰς
1070 3489 1123 3560 ἔπη

108 3577 214 3631 τείνειν
232 3573 365 3631 διακόσια
384 3578 441 3648 (ap.
458 3574 548 3631 Iraert.
563 3574 576 3627 I
591 3579 636 3645 ³4)
655 3573 784 3630 similiter
798 3572 872 3629 dixit
881 3572 987 3628 Leton
1000 3572 1138 3637 lirum.
