2422 3832
512 136 731 200 ...Π-

109 307 248 364 nostrum
276 303 341 362 erit.
388 321 486 379 neque
513 301 604 360 huius
632 299 691 360 loci
719 303 765 359 est
788 299 824 358 de
848 299 949 359 satiris
972 298 1129 374 disputare

110 419 202 478 prosa
225 401 360 460 oratione
384 399 572 474 conscriptis

177 499 304 558 Praeter
322 490 499 557 ‘sermones'
518 515 590 556 vero
606 496 684 556 Bion
704 496 796 556 etiam
815 513 935 556 carmen
953 494 1130 572 parodicum

111 596 241 672 scripsit.
275 595 335 654 fuit
354 595 434 654 enim
450 595 540 653 homo
555 586 671 670 εὐφυὴς
684 591 860 675 παρῳδῆσαι
874 585 922 674 (L.
941 593 977 651 D.
996 591 1040 651 Ν
1056 584 1129 673 52):

111 694 143 753 id
161 693 244 771 qnod
263 712 333 752 cum
350 693 560 768 comprobasse
574 690 781 767 detorquendo
797 689 980 768 Theognidis
996 693 1027 748 et
1040 689 1129 749 Euri·

110 791 190 869 pidia
204 808 310 851 versus
324 791 385 849 iam
400 809 492 866 snpra
506 782 549 870 (p.
562 791 604 848 70
614 779 673 868 sq.)
684 788 824 847 vidimus.
853 788 906 847 sed
919 787 1017 846 multo
1031 787 1129 864 magis

111 887 320 964 comprobavit
331 886 499 946 Homericis
513 886 656 963 parodiis.
679 885 842 945 Homerica
851 885 972 944 omnino
983 883 1129 944 lubentis-

112 987 185 1044 sime
209 978 403 1065 usurpavit¹)
427 1003 488 1044 non
511 985 610 1043 solum
636 1002 672 1041 ex
696 983 869 1059 cynicorum
892 1001 974 1041 more
998 981 1130 1059 quodam

111 1082 263 1141 constanti
295 1081 347 1140 sed
380 1082 473 1141 etiam
499 1085 607 1156 utpote
634 1079 863 1157 Borysthenita3
895 1080 1129 1157 Borysthenitae

113 1179 192 1237 enim
222 1170 327 1257 σχεδὸν
354 1171 462 1249 πάντες
484 1175 550 1255 περὶ
573 1171 624 1237 τὸν
646 1172 775 1255 ποιητὴν
797 1169 955 1258 (Ὅμηρον)
984 1170 1129 1238 ἐσπουδά-

110 1267 198 1334 κασιν
221 1280 252 1335 et
276 1267 331 1351 τὴν
346 1267 458 1334 Ἰλιάδα
476 1268 578 1355 ὀλίγον
595 1270 703 1347 πάντες
725 1274 824 1335 ἴσασιν
841 1268 900 1334 ἀπὸ
920 1267 1071 1351 στόματος,
1094 1279 1130 1333 ut

113 1372 157 1431 ait
183 1372 241 1432 Dio
267 1371 499 1449 Chrysostomus
523 1365 589 1453 (Or.
614 1375 654 1432 36
679 1368 699 1447 ἕ
725 1364 769 1454 9),
799 1375 830 1430 et
857 1373 992 1448 ipsorum
1021 1374 1128 1447 poetae

113 1463 208 1547 μόνον
222 1464 357 1547 Ὅμηρον
379 1465 619 1548 μνημονεύουσιν
642 1467 675 1528 ἐν
696 1472 757 1539 τοῖς
781 1461 944 1546 ποιήμασιν
968 1460 1041 1548 (Dio
1065 1468 1085 1525 l.
1107 1485 1129 1529 s.

113 1563 133 1641 ὅ
154 1559 219 1646 10).
252 1569 339 1643 patet
361 1585 433 1643 ergo
456 1568 547 1643 plane
571 1567 609 1627 ad
629 1567 734 1626 Bionis
757 1565 913 1643 ingenium
935 1564 1128 1642 indolemque
1183 1645 1184 1648 Ἴ

69 1742 73 1749 ἡ
110 1663 224 1722 factam
251 1681 315 1723 esse
345 1664 501 1739 parodiam
525 1664 716 1724 Homericam
743 1667 775 1722 et
803 1663 938 1740 graviter
965 1661 1129 1721 dolendum

111 1760 187 1820 duos
209 1765 331 1820 tantum
353 1779 459 1821 versus
482 1762 661 1822 salsissimus
684 1779 756 1820 sane
781 1765 812 1822 et
834 1762 970 1838 apprime
993 1760 1128 1838 festivos,

37 1906 41 1913 .
110 1858 220 1935 quibus
249 1858 345 1917 irrisit
367 1858 534 1935 Archytam
557 1860 789 1937 Mytilenaeum,
823 1877 978 1936 superesse
1006 1860 1129 1920 maioris

110 1955 268 2014 cuiusdam
294 1957 448 2032 carminis,
477 1957 559 2035 quod
580 1959 681 2017 nescio
703 1977 778 2017 num
801 1957 926 2017 iustiore
949 1958 1014 2016 ullo
1038 1976 1129 2035 quam

109 2053 278 2112 sillorum
315 2055 434 2113 nomine
470 2054 635 2134 significari
666 2056 764 2132 possit
797 2047 894 2135 (quod
924 2056 1129 2131 fragmentum

109 2151 189 2208 infra
220 2151 300 2210 inter
329 2151 586 2229 sillographorum
614 2152 760 2229 reliquias
789 2143 958 2231 adscripsi).
1009 2149 1047 2208 ad
1074 2151 1129 2210 hos

110 2249 206 2326 igitur
228 2250 326 2326 silius,
351 2250 461 2327 quibus
484 2254 606 2326 praeter
628 2250 758 2326 musicos
783 2249 876 2307 etiam
898 2248 1129 2307 mathematicos

109 2346 249 2424 physicos
291 2351 406 2407 ceteros
444 2347 632 2424 dogmaticos
668 2346 804 2422 petierit,
844 2344 1015 2405 rettulerim
1051 2363 1129 2420 quae

109 2448 272 2503 narrantur
304 2464 323 2503 a
355 2445 526 2504 scholiastis
558 2443 680 2502 Horatii
711 2445 790 2518 epist.
818 2443 849 2502 Π
879 2446 912 2520 2,
941 2444 996 2502 60:
1039 2435 1129 2502 ‘Bion

111 2541 429 2601 ...mordacissimis
462 2541 599 2603 versibus
632 2546 679 2601 est
705 2560 779 2601 usus
813 2540 923 2619 quibus
954 2540 999 2599 ita
1027 2558 1129 2600 omnes

110 2638 257 2704 laceravit
279 2643 315 2698 ut
338 2659 374 2698 ne
399 2639 531 2700 Homero
556 2638 678 2716 quidem
700 2632 849 2716 parceret'
875 2630 981 2718 (schol.
1001 2630 1128 2718 Oraqu.)

110 2738 142 2794 et
165 2728 259 2795 ‘Bion
288 2738 341 2813 qui
365 2737 515 2814 sophistes
544 2737 773 2815 cognominatus
802 2740 849 2795 est
878 2736 910 2794 in
937 2735 1014 2795 libro
1039 2755 1129 2814 quem

109 2831 205 2892 edidit
232 2832 466 2894 mordacissimis
495 2835 609 2894 salibus
638 2852 675 2893 oa
704 2853 780 2912 quae
812 2833 894 2910 apud
923 2836 1029 2911 poetas
1057 2838 1130 2894 sunt

109 2930 153 2989 ita
185 2931 333 2991 laceravit
365 2936 402 2992 ut
429 2951 466 2991 ne
495 2931 626 2992 Homero
660 2933 782 3009 quidem
814 2925 971 3009 parceret'.
1019 2933 1129 3010 quibus

109 3026 210 3088 verbis
242 3028 382 3106 magistri
409 3030 505 3106 inepti
532 3029 564 3088 id
591 3050 645 3107 pro
674 3047 729 3089 suo
759 3033 851 3107 captu
879 3029 1021 3090 exhibent
1048 3029 1130 3106 quod

108 3125 262 3202 legemmt,
286 3125 398 3186 librum
421 3126 654 3186 mordacissimis
678 3127 792 3186 salibus
816 3131 848 3187 et
870 3127 1037 3188 Homericis
1060 3145 1128 3202 par·

111 3220 189 3281 odiis
211 3223 359 3282 refertum
382 3224 593 3302 conscripsisse
617 3225 750 3284 Bionem.

183 3377 210 3445 1)
229 3374 270 3432 Cf.
291 3375 441 3443 Plutarch,
461 3377 494 3432 de
512 3377 588 3431 liber.
608 3377 681 3432 odae.
702 3393 725 3431 ο.
742 3383 774 3431 10
793 3396 820 3446 p.
841 3379 891 3445 7¹³,
914 3378 947 3433 de
961 3375 1075 3445 profect.
1096 3377 1129 3429 ia

108 3455 172 3510 virt.
191 3472 215 3510 c.
238 3461 269 3510 11
289 3473 317 3524 p.
336 3457 388 3510 82¹³
413 3457 474 3526 (ubi
493 3455 624 3512 inlibris
644 3457 767 3520 Βίαντος
785 3456 868 3526 cuod
883 3469 1004 3509 sarsana
1016 3467 1085 3502 nun
1098 3451 1154 3497 aa·

107 3533 169 3586 huit
184 3535 335 3606 Hercher);
355 3537 445 3609 stab„
466 3540 529 3611 flor.
548 3540 588 3599 W
611 3547 662 3611 σὰς
680 3541 755 3610 cia,
774 3533 932 3594 'lusam
943 3536 1001 3592 ‘ist
1014 3531 1069 3578 *³⁴2-

810 3728 965 3764 d*-
