2466 3832
107 30 273 75 runnu.
286 30 350 71 xxv
502 41 543 49 -
591 3 655 69 129
703 42 744 49 —

108 176 231 249 tantur,
254 189 324 230 oum
347 168 600 249 originationibus
623 169 708 229 illius
731 169 823 229 verba
844 171 910 248 ipsa
932 191 1056 249 prorsus
1080 174 1129 234 de-

109 268 170 331 leri
198 269 265 331 visa
292 268 362 328 sint.
407 267 497 344 plane
520 285 591 327 vero
615 286 675 326 non
703 284 847 345 assequor
869 269 1065 331 Duebnerum
1092 273 1131 333 ad

109 366 238 429 Anthol.
265 365 330 425 Pal.
358 367 378 424 l.
402 382 425 424 s.
453 365 527 424 haec
559 363 751 423 scribentem:
785 359 911 425 ‘molae
944 368 1015 429 Assi
1047 371 1130 431 urbis

109 464 223 543 respici
238 463 393 539 videntum
412 481 483 522 nam
502 481 538 521 ex
556 461 612 520 hac
631 461 706 521 urbe
725 461 832 522 Persas
850 464 988 549 triticum
1005 469 1130 544 petiisse

83 546 94 565 ⁸
110 564 146 623 in
158 581 249 623 usum
268 581 358 622 suum
375 561 463 622 testis
483 564 530 620 est
544 558 654 619 Strabo
668 559 724 618 XV
742 581 771 636 p.
789 554 877 637 735’;
901 561 954 621 nbi
973 569 1028 624 aut
1047 585 1129 643 egre·

111 660 163 741 gie
193 660 284 719 fallor
311 662 368 718 aut
394 656 628 718 intolerabiliter
659 656 757 715 latina
789 676 859 717 cum
887 679 997 737 graeca
1023 663 1131 741 lingua

112 758 241 819 confusa
263 760 317 816 est.

179 854 319 932 Denique
342 841 434 929 ὅλμον
452 851 607 912 Iacobsius
632 851 670 910 ad
688 850 812 911 Anthol.
826 853 923 915 Palat.
939 856 1132 918 1.s.v01.111

112 944 211 1035 (Lips.
237 941 337 1031 1817)
365 970 394 1027 p.
420 950 482 1008 705
511 949 635 1026 putavit
661 948 838 1010 Cleanthem
865 952 924 1012 dici
953 954 990 1014 cb
1018 956 1132 1033 ingenii

112 1049 259 1111 duritiem
277 1051 309 1107 et
326 1046 489 1106 laborem
507 1046 744 1106 indefessum:
767 1049 848 1126 quod
866 1052 966 1112 nescio
982 1053 1131 1131 quomedo

112 1149 272 1209 assecutus
291 1146 339 1205 sit.
377 1144 482 1221 aliqua
501 1163 536 1203 ex
555 1147 641 1220 parte
660 1144 755 1221 probo
773 1146 958 1208 Meinekium
977 1151 1009 1209 in
1027 1153 1132 1227 philol.

111 1246 190 1307 XIII
211 1266 241 1323 p.
260 1244 339 1321 535,
368 1242 421 1319 qui
448 1242 600 1302 hominem
627 1241 807 1320 languidum
835 1245 999 1321 significari
1022 1249 1133 1307 statuit

113 1344 226 1404 colluto
248 1339 441 1401 Artemidoro
465 1338 598 1399 Onirocr.
621 1338 653 1397 H
676 1341 717 1397 42
745 1331 820 1420 (non
843 1344 894 1418 47,
919 1343 1005 1402 euius
1028 1349 1131 1404 tamen

113 1439 326 1519 interpretatio
350 1436 457 1513 opinor
479 1438 575 1496 solam
597 1453 661 1493 rem
683 1442 843 1495 veneream
866 1433 1044 1522 spectavit);
1068 1460 1131 1501 esse

114 1538 197 1611 enim
214 1532 306 1615 ’ὄλμον
324 1536 369 1596 ait
387 1534 551 1612 imaginem
571 1526 668 1591 ‘eines
683 1533 823 1609 passiven
843 1531 1030 1597 Zustandes'.
1062 1558 1133 1598 nam

113 1640 185 1714 post
214 1627 440 1706 λίθοςἎσσιος
470 1632 570 1709 posito
602 1630 751 1692 vocabulo
779 1625 868 1710 ὅλμος
896 1653 967 1694 sane
995 1637 1133 1697 mortarii

113 1733 201 1795 notio
222 1732 320 1792 inesse
343 1730 473 1809 videtur,
496 1731 540 1788 ita
563 1731 665 1789 tamen
688 1733 724 1789 ut
747 1734 779 1791 et
801 1731 915 1810 ingenii
935 1733 1061 1794 durities
1080 1755 1132 1796 nc·

114 1834 201 1893 tetur
223 1833 254 1890 et
276 1828 399 1908 ignavia
422 1847 458 1887 ex
480 1846 539 1905 qua
558 1827 635 1886 nihil
654 1847 709 1888 sua
728 1833 834 1906 sponte
852 1837 1016 1911 perpetret,
1035 1835 1133 1894 solum

115 1926 234 2005 pistillo
257 1925 379 1986 aliunde
403 1926 497 1985 aliato
522 1925 639 2004 aliquid
661 1927 771 1987 valeat.

184 2022 325 2085 ceterum
347 2022 510 2083 manifesta
532 2024 564 2080 in
586 2016 675 2099 ὅλμος
698 2017 822 2100 ἄτολμος
845 2025 1059 2083 annonimatio.

552 2194 733 2202 .----

464 2323 548 2383 XXV
572 2314 629 2403 (65
653 2312 787 2402 proeod.)

184 2438 323 2521 εἰκάζων
345 2443 381 2507 τί
399 2440 525 2522 ditem
551 2436 667 2524 ὀλίγον
689 2437 795 2524 κρέας,
819 2432 917 2503 ὀστέα
940 2436 1057 2504 πολλοὶ.

184 2642 272 2685 rnsr.
288 2624 447 2684 Galenus
463 2624 501 2684 ad
515 2624 659 2702 Hippocr.
674 2623 799 2700 epidem.
814 2621 881 2681 libr.
892 2622 948 2699 VI3
963 2625 1034 2682 tom.
1047 2620 1135 2680 XVII

115 2725 195 2801 part.
213 2722 230 2781 I
251 2744 281 2801 p.
302 2724 365 2783 989
387 2723 488 2782 Knhn.
503 2714 721 2803 (Hippocratis
749 2713 944 2802 interpretes)
972 2717 1136 2790 πολύειδῶς

124 2864 185 2881 ...
208 2815 359 2901 γράφουσι
390 2818 440 2881 nat
473 2821 620 2900 διαιροῦσι
644 2869 650 2880 .
671 2869 677 2879 .
698 2869 703 2879 .
725 2868 730 2880 .
754 2814 806 2892 τὰς
834 2817 968 2890 πλείστας
996 2809 1136 2899 (ῥήσεις),

116 2910 331 2998 ἐξηγησάμενοι
358 2920 443 2980 τοῦτο
471 2912 502 2979 τὸ
530 2916 647 2998 βιβλίον
675 2912 885 2998 (Hippocratis
913 2907 1068 2997 epidem.),
1097 2905 1137 2984 ὦς

117 3006 270 3093 sinopitem
300 3007 422 3096 (scripsi
454 3035 509 3093 pro
543 3007 738 3095 ἆαορρεῦσαί)
771 3037 837 3074 τινα
863 3015 922 3074 τῶν
948 3009 997 3074 ἐπὶ
1024 3006 1058 3072 τὰ
1085 3013 1137 3087 τῆς

116 3108 221 3193 τέχνης
248 3110 318 3194 ἔργα
347 3107 543 3174 σπενδόντων.
590 3111 751 3190 φαίνονταί
770 3131 846 3183 τινες
868 3115 965 3172 ποιεῖν
988 3103 1061 3187 ὅπερ
1086 3107 1134 3169 Τί-

118 3231 185 3288 μων
208 3202 302 3270 εἶπεν·
326 3205 472 3284 «εἰκάζων
495 3242 537 3252 --
562 3204 686 3272 πολλάν.

187 3406 283 3448 coum.
306 3389 437 3450 Versum
463 3407 543 3447 nunc
570 3387 681 3465 reliqui
709 3387 808 3466 qualis
837 3387 952 3467 legitur
975 3387 1006 3446 in
1030 3387 1136 3448 editio-

175 3494 282 3546 corporo.
296 3498 328 3538 11.
907 3493 923 3541 9
