2466 3832
504 99 723 163 „71-

106 256 263 344 ἐφρόντισα
294 261 345 324 καὶ
380 257 449 340 μετὰ
477 265 613 323 Μουσῶν
632 257 638 339 Ι
658 254 739 339 σέμν’
766 254 871 340 ἐδάην·
898 256 934 323 τὰ
967 258 1000 321 δὲ
1027 257 1120 321 πολλὰ

106 360 155 422 καὶ
181 358 267 440 ὄλβια
292 365 387 438 τῦφος
410 353 588 440 ἕμαρψενῑ),
621 379 718 436 neque
748 360 838 418 aliter
859 353 891 440 (1
924 380 971 437 ap.
994 353 1120 440 Bergk.)

101 447 225 520 ¹Solonis
255 460 382 536 elegiam
410 457 598 516 notissimam
624 450 681 537 (13
706 476 753 533 ap.
776 451 901 537 Bergk.)
926 459 1046 517 deflexit
1069 450 1121 539 (cf,

105 557 215 616 Iulian.
240 561 315 616 oret.
334 555 379 613 VI
397 576 425 631 p.
448 547 528 614 199ο
558 559 589 613 et
611 554 671 613 VH
688 576 717 632 p.
738 546 848 634 213³).
889 554 968 613 Bion
991 555 1121 633 denique

108 645 345 733 Theognidem²)
369 657 400 712 et
422 652 554 729 pedestri
580 671 716 711 sermone
738 655 769 711 et
792 650 928 712 versibus
952 670 1021 710 cum
1044 655 1121 713 serio

108 751 270 828 castigavit
300 755 367 811 tum
400 751 497 810 iocose
530 749 702 828 sugillavit3
734 750 838 827 itaque
871 750 987 808 facturn
1015 753 1060 809 est
1086 754 1123 809 ut

108 848 308 927 Theognideis
332 867 411 926 quae
433 849 574 908 feruntur
596 848 770 908 intermixta
793 849 855 907 sint
882 848 1056 925 cynicorum
1079 847 1123 905 di-

106 947 204 1006 sticha
231 948 463 1023 1143-1150,
492 947 681 1022 847-852,
708 948 934 1006 1077-1080.

172 1044 289 1103 Deinde
304 1044 478 1120 cynicorum
491 1044 550 1103 ioci
563 1043 771 1121 insigniuntur
787 1048 819 1102 et
832 1043 1065 1120 παρονομασί
1068 1065 1123 1114 αις

105 1141 193 1200 bellis
216 1146 248 1200 et
271 1142 368 1201 acutis
392 1135 641 1219 ἀμφιβολίαις.

173 1238 287 1299 Prioris
310 1239 429 1316 generis
451 1238 615 1315 specimina
637 1240 761 1315 praebet
779 1239 920 1298 Laertius
943 1238 997 1315 qui
1019 1241 1124 1296 narrat

106 1335 151 1395 VI
162 1339 203 1394 24
214 1336 381 1412 Diogenem
393 1329 448 1412 τὴν
457 1330 623 1394 Εὐκλείδου
638 1327 747 1412 σχολήν
761 1352 883 1396 vocasse
898 1326 989 1411 χολήν
1003 1338 1034 1392 et
1044 1327 1125 1392 Πλά-

106 1453 200 1503 τωνος
226 1427 381 1508 διατριβήν
408 1427 598 1509 κατατριβήν,
625 1432 670 1488 VI
694 1434 735 1490 33
764 1431 892 1491 eundem
915 1431 1123 1508 frequentasse

108 1530 184 1587 hano
208 1529 403 1605 sententiam,
431 1523 605 1606 ἀναπήρους
627 1519 782 1608 (mutilos)
806 1545 870 1586 osse
893 1521 961 1598 τοὺς
980 1522 1019 1605 μὴ
1043 1526 1123 1606 ἔχον-

107 1648 158 1696 τας
181 1620 281 1702 πήραν
304 1625 368 1684 sive
390 1619 602 1703 ἆπήροος,,Ἦ
620 1629 661 1685 52
686 1626 724 1684 eb
747 1624 852 1684 eodem
875 1625 1124 1686 vestimentorum

106 1724 204 1784 furem
237 1742 327 1800 quem
359 1723 391 1782 in
422 1723 538 1783 balneis
571 1722 773 1799 conspexisset
801 1723 1022 1801 interrogatum
1050 1741 1123 1800 esse,

106 1827 211 1883 utrum
238 1823 369 1883 venisset
396 1815 443 1883 ἐπ’
468 1814 656 1899 ἀλειμμάτιον
682 1812 701 1898 ἢ
731 1813 777 1880 ἐπ’·
803 1814 867 1880 trr'
893 1815 1015 1899 ἱμάτιον.
1060 1820 1123 1880 An·
1189 1863 1192 1869 ·

105 1921 252 1980 tisthenes
284 1939 356 1981 vero
389 1913 437 2002 (L.
465 1920 501 1980 D.
530 1919 574 1978 Vl
603 1913 638 1999 3)
669 1919 719 1978 vel
747 1919 825 1977 Bion
853 1909 901 1998 (L.
928 1919 965 1977 D.
993 1919 1036 1976 IV
1064 1909 1123 1998 48)

106 2018 356 2079 existimaverunt
391 2037 517 2077 uxorem
553 2035 671 2094 semper
703 2034 767 2075 esee
800 2018 928 2094 malum,
964 2017 1123 2093 pulchram

96 2115 187 2172 'enim
219 2115 283 2173 fore
315 2108 433 2192 κοινήν,
466 2114 632 2185 deformem
662 2106 784 2189 ποινήν;
821 2113 895 2173 item
927 2112 1123 2171 Antisthenes
1187 2120 1190 2125 '

107 2210 184 2270 dixit
210 2212 320 2269 melius
348 2229 415 2270 esse
442 2209 484 2280 εἰς
510 2205 639 2287 κόρακας
662 2227 754 2285 quam
776 2208 817 2280 εἰς
839 2204 965 2280 κόλακας
988 2205 1123 2285 ἐμπεσεῖν

108 2298 155 2387 (L.
174 2307 211 2365 D.
230 2307 275 2365 VI
295 2300 343 2386 4);
367 2310 398 2366 et
423 2307 501 2366 Bion
524 2305 654 2364 intuitus
677 2307 849 2364 columnam
872 2307 923 2365 cui
944 2306 1123 2381 inscriptum

109 2408 174 2464 erat
197 2406 347 2481 Περσαῖον
369 2399 512 2482 Ζήνωνος
534 2404 623 2462 Κιτιᾶ
645 2421 760 2462 errasse
783 2403 827 2462 sit
849 2403 1024 2480 lapicidam,
1052 2402 1123 2461 sori·

108 2500 240 2560 bendum
264 2502 343 2559 enim
367 2501 395 2560 ei
418 2501 512 2560 fuisse
531 2501 682 2577 Περσαῖον
699 2495 842 2578 Ζήνωνος
860 2497 980 2562 circuio
998 2491 1123 2582 (Athen.

108 2599 151 2656 IV
174 2620 202 2676 p.
229 2589 337 2680 162⁶);
373 2599 514 2676 idemque
550 2599 665 2658 festum
687 2600 864 2679 *appellavit
895 2602 1048 2678 προκοπῆς
1080 2596 1124 2678 ἐγ-

108 2691 206 2773 κοπήν
229 2687 277 2777 (L.
301 2696 337 2754 D.
360 2696 405 2755 IV
429 2688 495 2777 50).

170 2787 372 2871 Ἀμφιβολιῶν
393 2797 497 2854 autem
521 2798 597 2871 qua's
619 2795 744 2855 summis
768 2796 800 2854 in
822 2795 938 2855 deliciis
961 2796 1009 2855 illi
1031 2795 1123 2854 hebe-

106 2891 182 2950 bant
208 2892 283 2950 haec
309 2895 432 2950 tantum
457 2891 563 2952 afferre
589 2892 676 2953 lubet
697 2893 880 2953 testimonie.
925 2892 1124 2953 Antisthenes

108 2988 146 3047 ab
170 2985 360 3048 adolescente
384 2989 437 3066 qui
460 3007 491 3049 se
514 2989 610 3065 ipsius
633 2989 809 3066 disciplinae
833 2990 940 3050 dedere
963 2991 1058 3054 uellet
1078 2990 1124 3048 in-

106 3089 280 3164 terrogatus
308 3105 441 3162 quanam
467 3105 500 3146 re
528 3086 586 3144 sibi
609 3105 685 3163 opus
708 3092 800 3165 esset,
828 3087 994 3167 βιβλιαρίου
1016 3088 1126 3148 καινοῦ

179 3249 205 3315 1)
225 3245 266 3301 cf.
276 3245 391 3317 Berglrii
400 3245 474 3302 Poct.
490 3247 540 3318 lyr.
551 3245 600 3303 Gr.
610 3247 650 3301 11⁴
664 3265 691 3316 p.
701 3254 753 3304 868
768 3265 820 3318 sq„
834 3248 884 3303 ubi
896 3246 984 3303 etiam
998 3245 1124 3303 Bueche-

106 3326 195 3382 lerum
214 3326 321 3382 refutet
339 3325 388 3395 qui
406 3343 477 3381 mus.
492 3326 582 3381 Rhen.
596 3325 675 3381 XXX
693 3344 720 3397 p.
736 3332 770 3414 ot
790 3343 831 3396 sq.
849 3325 902 3381 hoe
919 3340 1016 3379 versus
1035 3322 1125 3396 Chry·

107 3406 186 3476 eippo
204 3406 376 3462 vindicabat.

175 3488 205 3554 ν)
223 3485 254 3541 id
268 3487 344 3556 quod
358 3487 455 3542 docuit
468 3486 635 3543 Welokerue
649 3485 737 3557 praef.
754 3486 883 3557 Theogn.
895 3502 927 3555 p.
938 3482 1068 3539 ῑιῐίἱῖ
1083 3496 1128 3547 w
