2466 3832
500 131 720 197 -19Μ

101 315 149 356 111
173 301 239 357 tota
262 298 390 357 fortasse
411 298 449 356 ad
467 297 656 356 aemulorum
679 296 825 358 invidiam
847 301 1007 381 poetarum
1029 297 1118 374 redit,

101 413 172 454 nam
203 399 240 454 ut
269 395 398 454 Athenis
430 397 538 471 poetae
570 396 679 453 mutua
710 393 881 470 flagrabant
913 394 1040 472 invidia,
1073 396 1118 454 ita

75 513 76 517 ¹
102 493 195 552 etiam
217 492 439 552 Alexandrinos
462 495 568 568 poetas
592 491 672 549 inter
695 509 726 550 se
750 492 917 551 exercuisse
940 493 1116 552 inimicitias

101 594 338 650 consentaneum
366 583 432 648 e'st'.
478 608 541 647 rem
569 589 667 664 ipsam
695 589 826 647 arbitror
857 589 940 648 haud
966 589 1011 649 ita
1038 590 1117 649 diffi-

101 688 191 747 cilem
215 705 279 746 esse
303 687 468 764 explicatu:
492 687 567 745 dicit
585 686 736 763 Diogenes
757 686 913 746 Timonem
932 688 1044 765 quippe
1065 689 1118 768 qui

102 788 183 844 esset
215 778 453 865 φιλογράμματος
485 784 678 862 aptissimum
708 784 802 843 fuisse
835 784 874 843 ad
905 785 1118 844 conscribenda

100 880 199 957 poetis
218 881 392 940 fabularum
411 885 603 960 argumenta,
626 881 645 939 i.
661 900 685 940 e.
705 881 743 940 ad
761 881 940 941 tradendam
959 883 1001 941 111
1020 883 1118 959 ipsam

100 978 338 1056 mythologicam
364 980 535 1058 materiam,
568 999 605 1038 ex
637 998 698 1056 qua
725 979 862 1038 dramata
890 966 1117 1057 'componerent3

100 1076 191 1154 idque
214 1077 376 1155 praecipue
399 1078 588 1154 praestitisse
611 1076 784 1139 Alexandro
805 1078 915 1138 Aetolo
939 1082 1032 1156 atque
1055 1078 1117 1138 Ho-

99 1193 182 1235 mero
200 1176 317 1252 tragico
337 1175 369 1232 in
388 1175 600 1251 componendis
618 1175 792 1253 tragoediis.
824 1194 923 1253 neque
938 1177 1017 1235 enim
1032 1176 1118 1235 aliud

100 1270 158 1330 sibi
180 1273 289 1332 volunt
307 1270 400 1332 verba
423 1265 541 1347 μύθους
558 1266 673 1352 γράψαι
696 1273 790 1332 simili
813 1275 944 1351 quadam
967 1278 1117 1351 usurpata

99 1368 225 1445 ratione,
250 1388 311 1445 qua
335 1368 399 1428 Silo
423 1387 442 1427 a
466 1369 587 1447 Seneca,
609 1388 721 1430 suasor.
745 1371 777 1429 H
798 1375 836 1429 19
862 1371 975 1431 dicitur
997 1366 1116 1447 ‘panto-

99 1466 199 1524 mimis
227 1467 347 1525 fabulas
376 1461 555 1543 scripsisse’3
587 1485 685 1542 neque
712 1466 805 1525 habet
832 1468 906 1526 haec
932 1485 980 1525 111
1007 1485 1117 1543 perse
1208 1520 1212 1527 ,

101 1562 267 1638 quidquam
299 1562 481 1620 incredibile.
527 1581 598 1620 nam
630 1581 698 1620 cum
724 1567 833 1639 poetae
860 1565 1058 1623 Alexandrini
1085 1566 1117 1624 in

99 1659 265 1738 tragoediis
292 1659 456 1720 scribendis
479 1658 639 1720 recolenda
662 1659 871 1720 abstmsarum
894 1665 925 1722 et
946 1663 1115 1723 recondita·

100 1777 168 1816 rum
196 1757 371 1818 fabularum
397 1759 543 1843 memoria
566 1757 720 1816 doctrinae
743 1760 841 1838 magis
865 1779 957 1837 quam
978 1761 1116 1845 poeticae

99 1855 223 1916 virtutis
251 1856 373 1916 laudem
397 1856 543 1934 aucupati
570 1874 640 1914 cum
667 1875 784 1916 summa
811 1857 962 1918 industria
985 1853 1116 1936 μυθικὰς

98 1952 226 2032 ἱστορίας
253 1955 502 2034 conquisiverint,
534 1975 595 2015 non
626 1956 748 2018 videtur
780 1955 928 2016 absonum
960 1975 1024 2016 esse
1054 1957 1116 2017 iam

97 2054 164 2111 tum
186 2052 338 2112 hominem
362 2047 485 2125 doctum
506 2053 605 2130 poetis
629 2054 838 2131 suppeditasse
867 2055 965 2114 simile
989 2056 1115 2132 aliquid,

98 2150 179 2226 quod
202 2151 412 2227 suppeditasse
436 2152 547 2210 scimus
572 2149 710 2210 Cornelio
731 2150 820 2217 Gallo
838 2151 1038 2210 Parthenium
1060 2145 1115 2230 τὴν

29 2321 33 2330 Ι
97 2240 239 2322 ἄθροισιν
265 2249 324 2306 τῶν
352 2244 500 2325 ἐρωτικῶν
526 2241 714 2324 παθημάτων
742 2241 981 2324 ἆναλεξάμενον,
1007 2249 1051 2308 111
1078 2253 1115 2308 ut

100 2342 129 2401 ei
160 2342 267 2401 liceret
293 2343 371 2401 hanc
399 2343 440 2415 εἰς
455 2336 521 2422 ’ἔπη
544 2340 595 2402 καὶ
622 2339 747 2420 ἐλεγείας
774 2336 904 2423 ἀνοίγειν.
946 2345 1006 2404 hue
1037 2345 1115 2407 illud

62 2467 69 2477 ·
99 2438 193 2498 etiam
215 2438 326 2515 refero,
351 2439 432 2516 quod
452 2439 572 2500 Tim0ni
593 2439 753 2523 τραγῳδίαι
775 2442 825 2503 vel
848 2443 1006 2519 sexaginta
1030 2433 1114 2523 (δρά-

21 2542 25 2549 ’
98 2527 188 2616 ματα)
211 2528 334 2614 τραγικά
356 2536 571 2597 adsoribuntur
595 2529 637 2619 (v.
660 2539 741 2598 infra
763 2559 792 2616 p.
814 2531 880 2620 24).

163 2634 209 2692 De
233 2634 367 2695 Timonis
396 2626 533 2696 studiis
561 2637 690 2715 denique
715 2638 790 2696 haec
813 2637 919 2698 scribit
941 2637 1114 2719 Antigonus

98 2730 256 2809 Carystius
279 2733 360 2811 apud
383 2734 415 2793 L.
439 2735 476 2793 D.
502 2736 579 2794 110:
606 2724 646 2814 ἦν
669 2730 702 2795 δὲ
724 2732 774 2795 καὶ
797 2730 992 2816 φιλοποιητὴς
1016 2730 1113 2821 (φιλο-

96 2822 188 2908 πότης
211 2822 298 2911 libri)
326 2828 376 2890 καὶ
403 2824 462 2891 cirri
490 2833 549 2892 τῶν
572 2825 748 2909 φιλοσόφων
775 2826 922 2910 ἐσχόλαζε,
950 2834 1003 2893 ubi
1032 2840 1114 2912 φιλο·

95 2920 220 3007 ποιητής
246 2927 470 2988 restituendum
493 2948 557 2989 esse
584 2929 660 2988 mihi
688 2933 719 2989 et
746 2931 819 2989 olim
846 2932 985 3006 persuasi
1013 2951 1112 2993 assen-

95 3024 191 3085 tiente
223 3025 363 3102 Kocpkio
390 3017 445 3106 ¹(de
471 3025 571 3101 Antip.
600 3026 669 3087 Gar.
696 3048 725 3104 p.
750 3019 808 3108 46)
842 3032 873 3088 11
904 3047 984 3088 nunc
1017 3032 1113 3090 credo.

96 3140 226 3200 namque
248 3126 412 3200 postquam
434 3123 632 3200 Apollonides
661 3144 752 3201 quam
779 3125 954 3186 brevissime
979 3127 1113 3186 Timonis

95 3219 192 3279 vitam
225 3224 257 3280 et
282 3220 491 3304 philosophiae
525 3222 627 3281 studia
654 3221 813 3300 descripsit
840 3225 901 3282 iam
928 3224 1113 3282 transitmus

96 3316 136 3376 ad
159 3317 224 3376 eius
243 3319 357 3396 scripta
374 3319 494 3396 poetica
511 3320 705 3395 potissimum
724 3319 927 3379 enumeranda
944 3320 1001 3378 hoc
1020 3339 1112 3379 enun-

95 3413 208 3475 tiatum
235 3416 431 3493 interposuit,
463 3435 523 3493 quo
546 3420 688 3476 narratur
711 3417 819 3476 Timon
841 3435 902 3475 non
925 3418 1023 3476 solum
1045 3419 1111 3494 phi·

94 3512 251 3589 losephiae
284 3531 406 3589 operam
438 3511 555 3571 dedisse
587 3513 640 3573 sed
672 3512 764 3572 etiam
794 3516 900 3589 poetas
933 3533 1048 3575 amasse
1081 3519 1113 3572 11

923 3611 964 3663 (2⁵³1-
