2466 3832
533 177 574 186 ..
622 141 665 205 84
710 177 752 185 -

136 328 174 368 nc
197 327 251 384 per
277 305 422 382 temporis
447 304 568 381 quidem
590 304 722 363 rationes
746 304 847 381 licuit,
878 323 948 364 cnm
976 304 1038 363 silli
1060 323 1078 362 a
1103 305 1155 364 'Ii-

136 425 224 464 mone
248 423 330 465 sene
355 402 557 462 scriberentur
580 391 622 481 (v.
642 419 734 478 supra
755 422 784 477 p.
806 404 846 461 13
866 406 898 461 ct
917 406 956 462 41
974 395 1041 482 sq).

204 501 253 560 Ad
271 501 406 577 Menippi
428 498 584 576 popularis
608 499 759 575 exemplar
781 500 871 575 plane
895 518 927 559 se
950 500 1156 559 conformasse

137 600 259 661 videtur
286 599 471 675 Meleager
499 587 712 675 Gadarensis1)
745 596 868 673 cynicac
900 601 999 657 sectae
1030 601 1061 655 et
1088 597 1155 672 ipse

138 697 289 758 addictus:
312 695 448 772 Menippi
466 694 546 754 enim
565 693 718 753 aemulum
737 692 799 752 sive
818 694 950 769 primum
973 694 1035 753 sive
1057 712 1155 769 paens

138 796 323 873 singularem
345 811 405 853 non
429 793 527 852 solnm
549 791 614 866 ipse
638 807 668 848 se
691 789 879 866 praedicavit
901 791 934 850 in
954 792 1155 869 epigramma·

137 894 177 952 tis
210 889 341 965 duohm,
375 907 452 964 quae
484 890 629 966 leguntur
659 886 692 946 in
724 888 902 966 anthologia
928 888 1070 947 Palatina
1093 889 1156 948 VII

137 991 201 1051 417
223 991 255 1046 ct
273 988 337 1047 418
345 977 386 1066 ²),
410 985 462 1045 sed
484 986 605 1045 Diocles
629 984 722 1043 etiam
743 985 809 1044 loco
832 985 894 1044 iam
917 1003 1009 1062 supra
1032 977 1074 1066 (p.
1097 978 1154 1066 78)

138 1085 290 1160 adscripto
313 1083 474 1159 Menippea
497 1101 565 1141 cnm
588 1081 734 1159 Meleagri
757 1082 876 1159 scriptis
900 1085 1094 1159 comparavit.

205 1181 308 1258 Atque
336 1182 385 1241 vel
411 1180 443 1238 in
470 1181 562 1239 titulo
587 1180 679 1241 unius
703 1181 814 1241 satirae
838 1181 888 1247 cui
910 1175 1085 1258 Συμπόσιον
1108 1183 1155 1242 in-

138 1271 292 1360 scripsit³)
315 1278 491 1353 Menippum
513 1277 652 1339 innatus
671 1283 730 1338 est:
753 1279 785 1339 id
806 1297 927 1354 qnoque
945 1279 1078 1338 notabile
1098 1283 1155 1358 est,

138 1376 220 1453 qnod
245 1377 277 1434 in
301 1375 427 1434 alterins
450 1375 562 1434 satirae
585 1368 754 1457 Χαρίιων4)
783 1376 953 1452 fragmento
976 1375 1155 1437 Homericae

137 1473 397 1549 interpretationis
426 1472 576 1548 specimen
602 1474 762 1550 proposuit
789 1473 870 1550 qnod
897 1474 987 1549 plano
1014 1474 1156 1550 cynicum

138 1570 295 1647 ingenium
313 1562 472 1650 redolet5).
509 1571 648 1647 cynicum
667 1590 737 1632 vero
759 1589 936 1649 germanum
959 1571 1051 1630 etiam
1074 1573 1157 1648 sapit

137 1667 248 1727 titulus
263 1668 372 1729 tertiae
392 1668 503 1727 satirae
523 1668 609 1729 cuins
628 1669 705 1728 nihil
723 1672 844 1745 practer
856 1669 984 1728 titulum
1000 1673 1155 1730 servatum

139 1765 275 1825 Λενίθοα
299 1762 349 1823 καὶ
372 1767 474 1842 φακῆς,
494 1757 686 1847 σύγκρισιςῧ).

139 1933 258 2001 Meaipp
273 1934 332 1987 νινιλ
346 1933 443 1987 Ηοναι
457 1933 549 2001 (1871)
570 1932 616 2000 (cf.
632 1934 718 1987 etiam
732 1932 832 2002 philol.
849 1933 953 1988 XXXII
966 1953 993 2003 p.
1005 1939 1057 1989 744
1067 1938 1154 2004 sqq.):

138 2028 211 2081 quac
230 2011 325 2066 omnia
342 2011 451 2066 futtilia
469 2027 529 2066 esse
549 2011 705 2083 significavi
725 2013 838 2070 ‘Pallon
848 2013 931 2068 Aac!
943 2014 982 2068 IV
996 2032 1024 2083 p.
1036 2020 1086 2069 196
1094 2032 1153 2083 sqq.

210 2095 236 2162 1)
257 2091 297 2145 cf.
313 2092 424 2146 Riesine
437 2109 465 2160 p.
480 2097 546 2161 8eq.
567 2094 596 2146 et
609 2110 637 2161 p.
648 2098 708 2161 246,
727 2093 776 2149 nbi
793 2093 976 2162 paucissimas
996 2093 1055 2148 eins
1073 2111 1154 2163 prae-

137 2174 181 2228 ter
200 2172 405 2243 epigrammata
423 2171 557 2240 reliquias
577 2171 710 2228 collectas
729 2171 825 2228 habes.

209 2258 237 2321 2)
256 2259 317 2320 417,
329 2259 353 2306 3.
364 2258 381 2306 4
397 2246 549 2320 mancare
565 2248 594 2306 δ’
606 2249 741 2325 ἔβλαστον
754 2248 770 2307 ὁ
786 2249 837 2307 σὺν
847 2248 979 2315 Μούσαις
987 2251 1155 2323 Μελέαγρος

433 2332 530 2400 πρῶνα
549 2332 745 2395 Μενινινιείαις
763 2328 953 2401 σνννροχολσας
971 2329 1099 2400 Χάρισιν.

254 2418 317 2482 418,
327 2417 351 2468 5.
363 2419 379 2466 6
394 2412 510 2466 Μοῦσαι
520 2408 549 2465 δ’
557 2410 601 2466 είν
610 2408 714 2482 ὀλίγοις
721 2405 982 2482 garimundum
988 2410 1154 2481 Μελέαγρον

433 2493 523 2546 παῖδα
541 2493 736 2553 Μενινινιείαις
753 2485 892 2559 ἤγλνλϊσαν
911 2486 1040 2561 Χάρισιν.

139 2570 229 2624 altero
247 2568 311 2625 loco
330 2572 524 2631 Μενινιιιείαις
548 2571 710 2625 coniectura
731 2570 844 2624 tantum
867 2571 917 2624 scd
940 2572 1018 2626 certa
1035 2573 1067 2626 ut
1084 2571 1155 2626 mihi

139 2647 251 2702 ridetur
268 2649 433 2703 restitutum
451 2651 495 2702 est
513 2663 530 2700 a
548 2649 580 2702 L.
598 2647 745 2704 Holstenio
764 2664 815 2716 pro
834 2651 1010 2718 Μεληιείοις.

211 2730 238 2795 3)
258 2727 299 2782 cf.
318 2727 421 2781 Athen.
440 2726 480 2780 XI
500 2745 527 2796 p.
547 2733 620 2782 502⁰.

211 2810 238 2876 4)
257 2807 409 2876 Perperam
431 2806 551 2861 coniecit
568 2807 711 2862 Iacobsins
734 2809 843 2878 proleg.
869 2808 906 2863 nd
924 2809 1030 2866 anthol.
1050 2809 1096 2864 Gr.
1116 2808 1155 2863 VI

140 2905 166 2956 p.
179 2885 297 2940 XXVIII
315 2882 438 2955 Χάριτες
455 2887 510 2941 toti
529 2887 679 2941 satirarum
696 2886 862 2955 inscriptum
880 2887 967 2943 fuisse
985 2888 1155 2945 collectioni.

211 2969 238 3036 5)
263 2964 304 3021 Of.
324 2964 425 3022 Athen.
444 2964 485 3021 IV
502 2985 528 3036 p.
549 2965 616 3021 lb'lb
639 2963 805 3036 Μελέαγρος
828 2962 843 3020 ὁ
865 2962 1013 3036 Γαδαρεὺς
1039 2962 1069 3020 ἐν
1093 2974 1156 3031 ταῖς

139 3040 261 3116 Χάρισιν
281 3039 525 3116 ἐπιγραφομέναις
544 3044 600 3117 ἔφη
619 3042 669 3101 τὸν
682 3041 806 3116 Ὅμηρον
820 3044 917 3116 Σύρον
938 3043 1008 3101 ὄντα
1025 3041 1056 3100 τὸ
1073 3045 1156 3114 γε’νος

139 3120 212 3180 κατὰ
243 3122 278 3178 τὰ
303 3122 408 3194 πάτρια
437 3120 547 3194 ἰχθύαν
575 3121 770 3196 ἀνεχομένους
797 3127 914 3196 ποιῆσαι
942 3120 1008 3187 τοὺς
1031 3120 1157 3195 Ἀχαιούς

140 3205 192 3272 (sic
206 3202 363 3258 Meinekius
382 3222 433 3273 pro
451 3200 597 3275 ἀρχαίους)
617 3207 768 3276 δαψιλείας
786 3206 888 3275 πολλῆς
907 3202 1085 3274 cicognaria
1105 3204 1155 3261 τὸν

136 3279 342 3352 Ἑλλήσποντον
362 3285 408 3353 (cf.
423 3285 551 3342 Eustath.
570 3286 600 3340 in
618 3286 650 3342 Il.
665 3292 690 3341 Α
707 3304 735 3357 p.
751 3292 856 3355 868,15
876 3287 919 3341 ed.
932 3288 1033 3357 Rom).
1062 3287 1096 3341 dc
1112 3304 1156 3357 cy·

140 3363 204 3418 nica
217 3363 333 3418 Homeri
347 3362 579 3435 interpretatione
598 3364 633 3422 cf.
648 3383 721 3435 qnae
735 3382 819 3435 supra
832 3383 859 3434 p.
870 3372 904 3421 69
919 3366 982 3421 adn.
998 3372 1014 3421 2
1032 3367 1155 3422 laudavi.

212 3445 239 3511 6)
260 3442 300 3498 ef.
315 3445 416 3499 Athen.
436 3445 455 3502 l.
475 3465 495 3501 s.
516 3445 584 3513 qnid
602 3446 682 3515 φακῆ
702 3447 777 3515 apud
795 3443 906 3513 cynicos
925 3445 1056 3516 valuerit,
1074 3462 1155 3516 prae-

140 3519 185 3573 ter
203 3520 273 3575 alios
293 3521 376 3578 docet
395 3524 514 3579 Cratetis
533 3524 565 3578 fr.
587 3530 620 3579 10
639 3525 739 3595 Bergk.
