2466 3832
493 147 534 156 —
583 111 647 177 130
692 147 734 157 -
997 133 1132 185 umorue

105 276 208 352 nibus3
231 276 263 333 in
280 275 436 351 procedosi
455 274 547 336 verba
566 268 690 347 εἰκάζων
707 296 734 334 τι
754 256 851 347 θέλεις
869 274 908 333 cd
928 273 1040 335 Geloni
1061 296 1135 338 orn-

104 374 219 431 tionem
246 376 398 432 traxeram
425 377 456 432 et
478 392 533 449 pro
557 370 587 432 τί
606 368 717 444 θέλειςς
742 373 920 448 scripseram
944 393 971 431 τι
995 358 1134 452 θυηλαῖς

106 468 156 528 vel
186 489 213 526 τι
242 469 370 541 θυσίαις.
417 470 595 529 crediderim
621 489 693 531 vero
721 469 795 529 haee
817 456 884 530 'diei
910 470 942 528 in
970 472 1132 551 colloquio

106 563 238 642 quodam
256 569 361 626 contra
379 566 593 642 philosophum
612 566 762 643 quendam
777 567 831 644 qui
845 568 1150 643 comparationibus

106 666 137 726 et
154 663 339 741 imaginibus
358 663 405 722 uti
424 664 533 723 solitus
553 665 605 724 sit:
630 665 710 742 quod
729 665 854 724 sirecte
874 665 988 724 conieci
1008 666 1150 742 primo.

106 762 201 822 libro
224 763 280 821 hoc
304 763 507 839 fragmentum
530 761 730 838 probabiliter
751 761 908 822 tribuitur.

508 953 723 963 u————..—

151 1229 206 1297 uui
225 1228 278 1314 σό,
294 1227 451 1297 Πλάτων·
475 1229 531 1296 καὶ
547 1230 612 1318 γάρ
632 1249 669 1298 σε
687 1235 870 1317 μαθητείης
888 1228 998 1309 πόθος
1018 1235 1130 1320 ἔσχεν,

151 1340 286 1404 πολλῶν
309 1334 343 1402 d'
371 1333 542 1425 ἀργυρίων
567 1335 686 1425 ὀλίγην
708 1335 853 1425 ἠλλάξαο
878 1343 1014 1424 βίβλον·

151 1447 254 1510 ἔνθεν
278 1440 510 1532 ἀπαρχόμενος
531 1456 789 1532 τιμαιογραφεῖν
813 1441 1004 1530 ἐδιδάχθης.

174 1658 258 1698 ποετ.
284 1638 428 1699 Gellius
446 1639 534 1698 Noct.
552 1638 617 1697 Att.
634 1637 681 1696 HI
702 1641 752 1716 17,
772 1640 792 1696 4
812 1656 854 1715 sq.
877 1635 977 1715 Τίμων
1002 1655 1128 1700 amaru·

107 1737 200 1794 leuius
226 1738 332 1795 librum
354 1737 656 1795 maledicentissimum
679 1737 860 1809 conseruerit,
889 1725 939 1808 qui
961 1733 1063 1808 σίλλος
1080 1740 1129 1797 im·

106 1834 249 1890 scribitur.
299 1835 332 1890 iu
364 1849 394 1890 ec
423 1833 495 1891 libre
523 1832 673 1891 Platonem
694 1833 899 1906 philosophum
926 1835 1129 1896 contumeliose

106 1929 241 2003 appellet,
260 1930 335 2000 quod
353 1931 481 2002 impenso
493 1930 589 2002 pretio
608 1929 716 1988 librum
729 1929 938 2004 Pulliopcricoe
953 1925 1129 2004 discipliuae

107 2025 219 2085 euu'sset
250 2042 337 2098 ecque
369 2042 400 2084 ee
429 2025 581 2084 Timaeum
612 2026 735 2085 mobilem
766 2027 849 2086 illum
881 2027 1029 2101 diolcpum
1059 2045 1127 2088 com-

107 2124 236 2184 eiuasset.
273 2141 376 2184 uersus
397 2141 485 2198 super
508 2141 543 2183 ea
564 2139 596 2182 re
621 2121 755 2200 Τίμωνος
777 2125 807 2183 m·
829 2128 911 2184 suut:
935 2121 1007 2183 «καλ
1024 2118 1062 2183 σύ
1080 2157 1125 2166 -

106 2212 298 2299 ἐδιδάχθης».
340 2221 565 2281 Iambliehus
594 2222 632 2280 ad
655 2221 832 2280 Nicomachi
860 2221 980 2281 arithm.
1003 2243 1032 2298 p.
1059 2226 1124 2285 148

106 2320 151 2381 ed.
176 2321 302 2380 Tennul.
328 2319 449 2398 Τίμαιος
479 2313 507 2378 δ’
534 2305 590 2380 οὖν
616 2313 632 2380 ό
655 2313 774 2397 Λοκρὸς
797 2317 830 2378 ἐν
852 2321 891 2401 τῷ
914 2316 980 2398 περὶ
1004 2313 1125 2397 φάσεως

105 2410 219 2494 κόσμου
246 2413 296 2476 καὶ
323 2419 434 2496 ψυχᾶς·
459 2409 514 2492 ἀφ’
540 2405 632 2494 οὗπερ
660 2412 878 2493 ἐφοδιασθίντα
901 2410 1049 2476 Πλάτωνα
1071 2410 1125 2478 τὸν

107 2506 157 2572 διά
179 2516 264 2574 τοῦτο
288 2509 467 2592 φερώνυμον
493 2513 617 2589 Τίμαιον
644 2507 784 2585 συντάξαι
803 2509 956 2593 λέγουσιν,
980 2501 1023 2573 ὧν
1046 2511 1124 2573 ἔστιν
1190 2509 1194 2516 ’

105 2607 154 2668 καὶ
182 2602 198 2668 ὁ
225 2603 295 2681 τοὺς
325 2610 440 2680 σίλλους
463 2603 589 2686 ποιήσας
615 2610 715 2686 Τίμων
737 2607 831 2689 λόγων
854 2605 961 2682 οὕτως·
986 2615 1124 2671 «πολλῶν

105 2737 148 2746 -
163 2699 355 2782 ἐδιδάχθης».
379 2706 532 2764 Proolus
546 2706 578 2763 in
592 2706 670 2765 Plut.
686 2708 796 2766 Timue.
812 2729 840 2784 p.
854 2713 869 2767 1
890 2707 934 2766 ed.
952 2708 1123 2768 Schneider.

103 2796 211 2887 τὸτοῦ
230 2804 446 2882 Πυθαγορικοῦ
468 2802 593 2878 Τιμαίου
616 2798 734 2881 γράμμα
752 2800 958 2882 περὶφύσεως
977 2808 1123 2884 Πυθαγο-

105 2892 189 2978 ρικὸν
214 2894 324 2977 τρόπον
352 2892 542 2975 διατάττεται,
572 2897 682 2960 «ἔνθεν
708 2895 918 2980 ἀφορμηθεὶς»
950 2895 966 2964 ὁ
994 2897 1123 2964 Πλάτων

106 3002 350 3077 «τιμαιογραφεῑν
378 2995 536 3075 ἐπιχειρεῖ»
560 2991 633 3056 κατά
655 2991 707 3058 τόν
730 2995 929 3080 σιλλογράφον
953 2994 1035 3083 (mrg
1058 3001 1123 3060 eod.

103 3093 134 3153 A
157 3088 208 3156 τὸν
233 3088 377 3177 Τίμωνα).
421 3095 567 3156 Scholia
589 3096 680 3156 Plal.
705 3097 818 3157 Timac.
841 3121 870 3175 p.
896 3092 961 3159 20A
989 3091 1032 3180 (p.
1057 3099 1123 3157 200

104 3194 237 3273 Ruhnk,
259 3215 287 3272 p.
313 3197 377 3254 364
405 3185 522 3274 Herm.)
552 3194 674 3271 Τίμαιος
698 3240 703 3254 .
725 3241 731 3255 .
752 3243 757 3254 .
782 3190 948 3273 φιλόσοφος
977 3189 1122 3276 Ποθαγό·
1150 3184 1153 3188 ⁴

103 3313 181 3369 ρειος
214 3290 325 3373 ἔγραψε
355 3284 546 3371 μαθημάτιιιά
575 3312 604 3351 τε
631 3289 681 3351 καὶ
707 3290 773 3371 περὶ
801 3287 920 3370 φάσεως
948 3287 1123 3373 σύγγραμμα

103 3383 155 3448 τόν
181 3383 397 3469 Πυθαγορικὸν
424 3383 543 3469 τρόπον.
590 3387 679 3449 ἔνθεν
707 3383 723 3450 ό
746 3384 874 3451 Πλάτων
901 3387 951 3449 καὶ
978 3384 1030 3449 τὸν
1058 3383 1123 3449 διά-

104 3488 193 3564 λογον
216 3485 257 3560 εἰς
280 3481 371 3547 αὐτὸν
394 3485 515 3567 ἔγραψε,
537 3479 619 3547 καθά
642 3480 726 3548 καλό
745 3481 940 3566 σιλλογράφος
959 3484 1033 3565 φησί
1050 3485 1117 3564 περὶ
