2466 3832
106 109 410 161 namn—xxm
489 123 530 130 -
579 85 642 150 135
689 121 731 130 -

107 260 162 313 quo
179 265 197 299 ιι
216 260 286 299 oorr.
307 259 341 298 ex
359 243 400 315 β);
427 203 647 312 ἀφροσιβόμβαξ
666 238 792 310 Scaliger
815 241 852 294 ad
869 240 1017 312 stephan..
1042 254 1118 310 poes.

105 332 174 402 phil.
192 352 219 403 p.
239 338 292 387 aaa

172 518 268 559 conss.
297 497 425 557 Initium
449 497 537 574 quale
561 497 654 556 fuerit
678 496 801 556 difficile
821 496 913 554 (lietu.
945 489 1035 574 λόγον
1057 488 1120 555 ἀνι-

107 589 211 656 στόναι
235 594 343 654 (iraeoi
371 613 432 653 non
455 594 572 672 dieunt,
596 613 694 672 neque
718 595 814 672 magis
838 594 929 672 λῆρον
956 585 1122 669 ἀνιστάναι,

107 693 188 770 quod
196 692 350 770 plerisque
359 692 485 768 placuit,
495 710 564 750 oum
574 691 766 751 Menedemus
777 692 841 769 ipse
852 691 940 767 λῆρος
951 689 1123 766 appellatus

106 793 147 851 sit
170 783 285 872 (Lae1t.
309 789 397 868 Diog.
421 790 453 849 H
477 781 565 870 140).
612 792 745 849 ceterum
774 789 834 848 huo
864 787 982 846 faciunt
1008 786 1138 846 Laertii·

106 890 137 948 H
154 891 216 949 134
236 887 328 949 verba
347 887 456 965 quibus
469 887 643 964 philosophi
662 887 797 947 solleitia
816 885 1008 946 describitur:
1028 880 1122 961 ἐστρέ-

107 980 178 1063 φετό
196 1007 226 1046 τε
244 979 318 1065 πρὸς
336 978 433 1045 ττάντα
451 981 500 1044 noi
519 976 708 1064 εὑρεσιλόγει·
728 977 944 1063 ἐριστικώτατός
962 1004 992 1042 τε
1007 1030 1013 1042 .
1030 1029 1036 1041 .
1051 1024 1058 1040 .
1072 965 1121 1059 ἦν.

106 1085 210 1161 itaque
238 1086 326 1159 patet
348 1074 575 1162 ἀφροσιβόμβαξ
602 1083 724 1143 fatuum
750 1084 901 1143 hominem
923 1081 1123 1158 vaniloquum

106 1181 276 1259 significare
295 1184 388 1258 atque
407 1180 482 1238 saite
501 1172 616 1257 βόμβαξ
639 1180 752 1258 grande
771 1181 911 1240 sonantia
929 1197 1020 1238 sensu
1038 1196 1125 1237 cassa

106 1279 199 1338 verba
230 1278 379 1337 imitatur.
425 1277 477 1335 sed
507 1277 606 1336 forma
637 1277 723 1336 verbi
754 1277 860 1337 novati
887 1275 1051 1335 admodum
1077 1278 1124 1333 est

109 1374 201 1433 dubia
233 1393 330 1450 neque
362 1373 437 1432 satis
471 1373 644 1431 defenditm
676 1374 819 1450 exemplis
852 1391 870 1431 a
901 1371 1053 1431 Lobeokio
1085 1371 1125 1430 ad

107 1469 269 1546 Phrynioh.
292 1490 321 1546 p.
343 1471 404 1529 687
431 1473 461 1528 et
483 1469 646 1546 Meinekio,
670 1469 775 1530 deleat.
799 1469 912 1529 anthol.
938 1468 987 1528 (ir.
1010 1489 1039 1545 p.
1060 1470 1121 1528 133

106 1567 258 1644 congestis
277 1567 321 1626 ita
341 1570 378 1634 ut
394 1567 568 1643 perplaceat
584 1566 731 1644 scaligeri
744 1568 924 1644 oonieotura,
940 1585 1124 1644 quamquam
1167 1620 1170 1625 ⁴

107 1666 138 1722 in
161 1665 218 1723 hoo
240 1668 331 1741 poeta
354 1685 391 1724 ne
414 1665 559 1724 traditam
583 1664 705 1742 quidem
727 1665 938 1726 formationem
965 1665 1055 1742 plane
1078 1664 1123 1722 in-

106 1762 297 1822 tolerabilem
320 1782 385 1824 esse
408 1763 585 1823 crediderim
608 1754 722 1845 (neseio
740 1763 820 1823 unde
838 1762 870 1821 in
889 1761 1037 1838 Stephani
1058 1760 1123 1819 the-

108 1878 232 1920 saurum
254 1861 426 1923 Parisinum
448 1855 684 1942 ἀφροσιβόμβαξ
706 1853 851 1944 fluxerit).

540 2136 688 2195 XXVHII

150 2263 222 2330 τοῖς
245 2249 277 2317 δ’
304 2249 540 2338 samanaeos
563 2247 799 2338 ὀχλολοίδορος
815 2245 1028 2332 Ἡράκλειτος

152 2355 303 2443 αἰνικτὴς
325 2354 501 2445 ἀνόρουσε.

402 2543 523 2584 nomm
545 2543 685 2584 DE'I'ORTI
707 2540 823 2584 VERSVS

107 2639 137 2693 in
155 2658 180 2695 v.
203 2646 225 2694 1.
245 2646 275 2695 2:
293 2645 316 2695 A
335 2647 386 2696 247
406 2647 479 2696 τοῖσι
498 2639 529 2696 oi
550 2640 668 2711 Νέστωρ

335 2734 387 2784 248
405 2725 532 2801 ἡδυεπὴς
550 2726 698 2799 ἀνόρουσε.

175 2897 262 2939 nasa.
292 2879 464 2939 Laertius
482 2880 584 2958 Diog.
599 2881 643 2940 IX
659 2883 676 2939 6
700 2873 771 2941 αὐτὸ
795 2872 841 2960 (τὸ
861 2871 993 2960 βιβλίον)
1084 2869 1124 2947 ἀς

108 2975 163 3056 μέν
179 2998 270 3054 τινες,
293 2971 485 3054 ἐπιτηδεύσας
507 2971 707 3057 ἀσαφέστερον
730 2971 860 3057 γράψαι,
882 2970 964 3047 ὅπως
983 2973 1014 3035 οἱ
1030 2965 1124 3033 δανό-

109 3076 204 3152 μενοι·
223 3074 373 3153 προσίοιεν
405 3067 484 3158 αὐτῷ
517 3071 567 3134 κοιλ
596 3068 636 3152 μὴ
667 3072 699 3134 ἐκ
725 3077 778 3137 τοῦ
810 3067 969 3152 δημώδους
1001 3064 1124 3131 εὐκατα-

110 3167 261 3254 φρόνητον
279 3160 307 3254 ᾖ.
325 3175 430 3233 τοῦτον
449 3168 550 3232 δὲκαὶ
569 3164 584 3232 ὅ
602 3171 702 3248 Τίμων
723 3163 891 3251 ἀπογράφει
914 3165 1019 3248 λέγων·
1044 3170 1125 3239 «τοῖς

108 3302 152 3312 -
175 3263 350 3349 ἀνόρουσε».
387 3271 539 3330 Proolus
563 3270 595 3328 in
615 3268 765 3328 Alcibiad.
787 3269 878 3346 prior.
902 3268 918 3326 I
940 3287 968 3342 p.
990 3265 1053 3325 255
1078 3263 1124 3323 ed,

110 3364 245 3426 Oreuzer.
269 3392 311 3415 =
334 3389 363 3446 p.
388 3369 451 3429 525
478 3367 522 3426 ed.
548 3366 636 3427 Cous.
664 3360 765 3448 ὀρθῶς
792 3355 848 3426 οάν
874 3361 925 3424 καλ
948 3356 965 3425 ὁ
988 3365 1125 3444 γενναῖος

105 3453 291 3540 Ἡράκλειτος
309 3458 532 3544 ἀποσαοραιιίζει
550 3457 583 3525 τὸ
597 3466 715 3544 πλῆθος
730 3450 770 3537 ὡς
783 3457 879 3524 ἀνουν
893 3459 943 3523 aeci
956 3455 1124 3541 ἀλόγιστον·
