2466 3832
507 121 726 186 ..49-

176 285 284 344 Restat
320 288 355 344 ut
392 284 490 343 dicam
526 284 563 343 de
599 285 754 343 nonnullis
790 287 926 362 reliquiis
960 307 1037 364 quae
1070 290 1125 346 aut

110 383 211 441 nullo
235 383 315 441 iure
337 385 392 442 aut
414 381 523 441 dubio
548 381 681 440 Timonis
705 382 782 440 sillis
805 383 971 443 attributae
995 390 1074 445 sunt.

176 478 313 537 Primum
332 499 401 538 eum
419 478 639 556 sillographum
653 479 706 555 qui
720 483 970 539 commemoratur
984 500 1002 539 a
1016 482 1123 540 Taetza

112 566 161 655 (fr.
185 569 297 658 LXVI)
327 575 483 635 Timonem
510 576 604 635 fuisse
633 576 713 635 credi
741 595 812 636 sane
839 580 953 653 potest,
986 581 1123 654 quamvis

110 679 242 749 nequeat
265 675 301 733 de
322 684 383 734 uno
402 673 549 734 vocabulo
569 673 735 749 quidquam
753 674 899 732 affirmari
917 673 1123 734 confidentius.

176 770 293 830 Deinde
322 790 358 830 ea
381 771 473 831 verba
496 789 573 848 quae
596 774 753 847 tamquam
777 771 921 830 Timonea
943 771 1124 830 Eustathius

111 867 199 927 affert
222 859 273 948 (fr.
292 861 419 950 LXVII)
443 868 619 927 dubitanter
637 867 718 945 olim,
741 886 820 927 nunc
840 871 922 926 certa
941 867 1124 926 demonstra·

20 974 23 981 '
110 965 192 1025 tione
216 967 304 1025 nixus
328 967 365 1025 ab
388 967 445 1026 hoc
467 969 557 1043 poeta
580 964 752 1025 abiudicari
775 957 817 1046 (v.
842 957 971 1045 comm).

176 1062 315 1140 Denique
348 1063 423 1122 duos
454 1081 560 1122 versus
591 1082 627 1122 ex
653 1062 785 1122 Homero
812 1061 953 1139 parodica
982 1062 1124 1138 detortos,

112 1159 221 1235 quibus
244 1160 416 1236 philosophi
443 1159 607 1221 irridentur
630 1161 762 1222 auctoris
785 1159 905 1219 nomine
929 1178 988 1218 non
1012 1160 1124 1235 addito,

112 1256 263 1317 Timoneis
293 1258 365 1316 olim
393 1258 451 1316 etsi
478 1258 707 1318 cunctabundus
735 1257 849 1317 subieci
878 1247 928 1336 (fr.
954 1259 994 1316 68
1023 1261 1054 1316 et
1083 1259 1122 1316 69

111 1346 254 1434 proecd.).
301 1373 429 1429 quorum
453 1356 537 1430 prior
559 1357 673 1434 legitur
696 1356 727 1414 in
749 1355 850 1430 Etym.
874 1353 974 1430 Magn.
997 1373 1025 1429 p.
1052 1355 1124 1428 722,

115 1451 154 1508 18
179 1470 206 1509 v.
230 1444 383 1527 concoctio·
413 1447 517 1528 ἐλέχθη
547 1445 562 1510 ὁ
591 1443 843 1527 ἐθελοφιλόσοφος
870 1439 1024 1526 σοφιστής,
1053 1440 1069 1508 ὁ
1093 1444 1125 1507 δὲ

111 1546 151 1629 τῷ
174 1538 237 1605 ὅννι
260 1539 367 1620 σοφός·
391 1539 465 1605 ὅθεν
488 1542 645 1619 ἐπεπόλαζε
668 1543 774 1626 λέγειν·
798 1548 969 1623 φιλοσοφεῖ,

158 1634 244 1720 ‘dpq’
266 1631 299 1701 εὖ
322 1636 468 1722 γινώσκῃς
486 1637 564 1720 ἠμὲν
581 1638 679 1722 σοφὸν
702 1636 760 1725 (sic
774 1643 943 1702 Meinekius
962 1661 1016 1717 pro
1035 1633 1124 1721 θεὸν)

696 1735 750 1818 ἠδὲ
776 1733 941 1817 dominacio?

113 1842 193 1897 recte
223 1836 345 1914 quidem
372 1837 434 1896 dixi
457 1838 591 1897 Timonis
620 1838 696 1897 siliis
723 1856 811 1914 posse
839 1837 918 1896 hunc
942 1857 1065 1899 versum
1087 1839 1126 1898 ad

113 1935 283 2010 exemplum
305 1934 459 1993 Homerici
478 1938 507 1993 Ε
528 1938 590 1995 128
616 1927 701 2015 (ὄφρ’
728 1923 761 1994 εὖ
784 1928 930 2013 γινώσκῃς
953 1929 1029 2012 ἠμὲν
1051 1929 1126 1996 θεὸν

111 2025 166 2108 ἠδὲ
188 2028 238 2090 καὶ
261 2024 371 2113 ἄνδρα)
400 2033 516 2093 factum
543 2031 776 2109 probabilius
809 2030 904 2089 tribui
936 2050 1027 2107 quam
1057 2032 1127 2091 cuin

112 2129 244 2206 Bergkio
269 2127 385 2189 Crateti
412 2131 531 2207 cynico:
558 2148 634 2190 nam.
655 2129 755 2203 ipsum
782 2127 860 2185 illud
882 2128 962 2186 inter
985 2121 1126 2202 σοφιστάς

113 2229 145 2284 et
167 2220 263 2302 σοφόν
286 2227 446 2286 discrimen
470 2245 561 2303 quam
583 2225 711 2284 maxime
736 2223 860 2281 effertur
879 2242 896 2282 a
915 2223 1052 2300 Timone,
1076 2223 1127 2283 cui

112 2324 220 2383 unicus
239 2319 332 2401 σοφός
349 2323 495 2400 Pyrrhom
517 2322 570 2380 alii
588 2319 761 2397 philosophi
779 2338 882 2378 omnes
901 2320 1049 2397 σοφισταί;
1073 2322 1126 2381 sed

77 2454 80 2462 ·
112 2421 168 2480 hoc
186 2425 383 2498 praeceptum
406 2418 545 2478 amultis
568 2418 763 2476 decantatum
784 2435 822 2475 ne
846 2437 882 2476 ex
905 2417 1035 2476 carmine
1060 2418 1125 2494 qui-

111 2516 182 2576 dem
203 2519 334 2594 petitum
356 2517 491 2594 videtum
514 2516 652 2575 sillorum
671 2517 751 2574 certe
769 2514 888 2574 nullum
907 2514 1052 2574 indicium
1072 2518 1126 2575 est.

113 2615 207 2672 etiam
219 2615 318 2674 minus
332 2615 420 2674 licuit
433 2632 554 2675 versum
563 2612 758 2673 Homericum
773 2604 895 2695 (ιι195)
910 2614 946 2673 de
957 2611 1125 2690 Chrysippo

111 2710 228 2770 dietum
247 2703 343 2792 (apud
361 2713 460 2772 Laert.
479 2712 568 2790 Diog.
582 2710 643 2768 VH
659 2712 721 2770 183
745 2702 819 2770 ὅθεν
838 2706 948 2785 φασὶν
966 2702 1011 2768 ἐπ’
1033 2702 1125 2770 αὐτοῦ

111 2811 268 2887 λεχθῆναι·
297 2802 377 2881 ξοἷος
402 2806 561 2885 πέπνυται,
589 2805 633 2868 coi
656 2803 689 2865 δὲ
712 2803 790 2866 σκιαὶ
812 2799 979 2888 αἰΐσσονσι’)
1006 2806 1126 2866 Timoni

112 2905 290 2965 adscribere.
335 2926 555 2984 usquequaque
578 2924 649 2965 vero
672 2903 835 2962 tenendum
858 2908 913 2981 ost,
936 2904 967 2961 in
991 2903 1142 2962 omnium'

113 3000 295 3063 Graecorum
323 3023 374 3063 ore
396 3004 557 3063 Homerica
584 3020 700 3077 semper
727 3001 833 3077 fuisse,
861 3000 905 3059 ita
932 3004 968 3059 ut
994 3000 1125 3058 facilen

112 3100 220 3176 quovis
245 3101 386 3176 usurpari
409 3100 565 3160 deflectivo
587 3099 751 3174 potuerint.

178 3197 285 3275 Neque
304 3198 400 3274 magis
421 3198 501 3255 inter
520 3196 663 3254 Timonea
682 3193 975 3253 commemorandum
999 3190 1071 3249 duxi
1093 3191 1125 3250 id

113 3294 194 3370 quod
217 3313 236 3352 a
258 3294 366 3354 Paulio
389 3295 425 3352 fr.
450 3294 491 3353 55
516 3285 549 3372 (a
572 3290 735 3349 Mullaohio
759 3310 786 3349 v.
813 3280 890 3369 133)
916 3288 1050 3363 positum
1078 3290 1124 3346 est

112 3408 159 3466 ap.
173 3391 284 3451 Athen.
299 3392 357 3450 ΧΠ
371 3413 399 3468 p.
413 3391 502 3450 5180
521 3381 720 3467 ἐπιχωριάζειν
737 3378 807 3463 παρ’
829 3377 929 3455 αὐτοῖς
943 3375 1122 3465 (Sybaritis)

111 3481 162 3548 διὰ
184 3482 239 3566 τὴν
263 3482 380 3566 τρυφὴν
403 3480 601 3565 ἀνθρωπάρια
624 3476 712 3562 μικρὰ
734 3474 803 3554 τοὺς
826 3472 890 3562 (καὶ
914 3479 1027 3551 ἵππους
1047 3482 1132 3538 unni.

167 3597 274 3644 comune.
288 3597 320 3642 Π,
907 3585 928 3632 b
