2466 3832
531 187 572 195 -
619 151 662 215 90
708 189 749 197 -
1019 169 1159 218 rmonrs‘

134 308 229 392 μήνης
254 308 258 390 J
286 309 385 372 ἔσπετέ
407 335 456 391 μοι
479 317 613 375 Μοῦσαι.
659 315 746 375 initio
775 315 921 392 longioris
950 317 1151 377 enarrationis

134 410 274 471 adhibuit
288 411 387 487 ipsum
401 430 523 472 versum
535 411 729 471 Homericum
743 412 926 488 Hermippus
941 412 972 470 in
988 407 1152 490 Φορμοφύ·

134 530 196 586 ρων
214 509 385 587 fragmento
405 509 443 568 ad
458 510 687 570 Homericamm
705 510 899 587 parodiarum
917 528 1053 569 normam
1070 528 1151 570 com-

133 607 233 683 posito
249 598 322 688 (vol.
332 607 364 665 Π
377 607 413 665 fr.
430 611 446 665 1
463 627 491 683 p.
507 609 571 666 407
586 608 685 685 Mein,
699 609 758 668 vol.
774 608 789 665 I
802 608 838 665 fr.
855 609 895 667 63
910 627 939 683 p.
952 610 1015 666 243
1030 601 1150 689 Kook.).

202 703 403 781 Compellavit
421 723 492 765 vero
511 704 568 764 hoc
586 723 676 766 versu
694 705 791 781 primo
806 705 914 764 Timon
932 723 1032 764 omnes
1051 705 1150 781 philo·

134 803 243 879 sophos
276 802 477 879 dogmaticos:
511 821 612 862 omnes
645 803 725 861 enim
758 802 877 861 Timoni
909 805 980 862 sunt
1013 802 1154 877 σοφισταί

136 891 219 981 (vide
233 901 269 960 fr.
284 899 376 958 VIIII
390 902 423 975 43
442 899 601 958 XXXVIII
616 891 660 980 2),
678 917 758 959 unus
777 917 866 960 verus
886 889 980 975 σοφός
996 899 1149 978 Pymhon3

135 1001 165 1056 et
192 990 437 1075 πολοπράγμονες
464 999 500 1055 ut
527 996 661 1055 homines
690 997 802 1056 curiosi
829 1000 860 1056 et
890 997 983 1056 rixosi
1010 997 1148 1076 audiunt,

136 1094 239 1168 quales
258 1093 340 1168 ipsos
358 1112 413 1169 per
432 1095 532 1152 totum
551 1110 672 1152 carmen
691 1093 834 1171 depinxit.
864 1097 958 1170 atque
972 1093 1102 1153 conicias
1117 1095 1149 1152 in

133 1190 316 1266 usurpandis
333 1188 500 1249 Homericis
514 1189 658 1249 Boeotiae
677 1191 813 1251 versibus
838 1191 1004 1268 perrexisse
1022 1192 1067 1250 ita
1086 1192 1149 1251 fere

133 1285 281 1362 parodum
299 1279 381 1362 ύμείς
395 1280 450 1367 γὰρ
465 1329 627 1348 ........
646 1287 704 1347 ἴστε
722 1308 751 1347 τε
769 1281 876 1364 τιάντα,
897 1286 902 1360 Ι
922 1281 1004 1365 ἡμεῖς
1019 1283 1051 1347 δὲ
1064 1285 1148 1361 κλέος

134 1375 199 1443 οἷον
226 1377 374 1462 ἀκούομεν
402 1377 473 1445 otus
494 1407 521 1444 τι
543 1384 641 1462 ἴσμεν,
668 1403 719 1446 cos
747 1388 822 1445 εοιίιι
849 1389 947 1445 omnio
975 1388 1068 1453 scitis,
1096 1403 1149 1445 ιιοο

133 1498 200 1540 cero
219 1480 359 1558 (sceptici)
377 1484 451 1543 αι’ίιίί
467 1500 525 1557 pro
544 1487 684 1557 οονιμαίο
702 1484 839 1544 hmanas
858 1475 909 1564 (of.
926 1502 1017 1560 supra
1035 1503 1064 1559 p.
1080 1475 1149 1564 43).

622 1801 654 1860 Π
988 1810 1005 1841 e

178 1905 253 1980 οἷον
278 1911 494 2000 Δημόκριτόν
518 1940 553 1982 τε
575 1920 763 2002 περίφρονα
785 1918 928 2004 ποιμένα
951 1915 1089 2002 μύθων,

177 2015 348 2105 ἀμφίνοον
375 2023 519 2106 λεσχῆνα
542 2019 621 2106 μετὰ
644 2018 827 2106 πρώτοισιν
852 2020 1013 2108 ἀνέγνων.

428 2206 548 2248 nouum
571 2206 710 2248 DE'I'ORTI
731 2206 848 2250 VERSVS

132 2303 163 2358 in
180 2322 206 2360 v.
228 2310 256 2358 1:
275 2311 297 2359 A
316 2307 368 2358 263
389 2301 451 2357 οἷον
469 2300 628 2373 Πειρίθοόν
647 2323 677 2359 τε
697 2301 831 2374 Δρύαντά
850 2323 880 2359 τε
899 2302 1022 2373 ποιμένα
1040 2306 1117 2359 λαῶν

132 2391 163 2447 in
180 2412 206 2450 v.
227 2399 256 2448 2:
276 2399 302 2448 Δ
321 2399 372 2449 341
393 2393 430 2448 al.
448 2389 519 2463 μετά
537 2390 688 2463 πρώτοισιν
708 2394 816 2464 (eadem
834 2409 931 2448 verens
950 2392 1025 2461 sede)

200 2579 286 2620 rnsr.
310 2560 480 2620 Laertius
499 2559 601 2636 Diog.
620 2559 664 2618 IX
678 2562 721 2619 40
745 2552 761 2620 ὁ
780 2550 907 2620 Πίάτων
930 2553 1066 2638 οὐδαμοῦ
1084 2563 1148 2638 Δη-

131 2657 271 2733 μοκρίτου
297 2651 539 2734 διαμνημονεύει,
568 2649 630 2715 ἀλλ’
657 2649 727 2716 etot
751 2653 827 2715 ἔνθα
849 2650 997 2717 ἀντειπεῖν
1018 2679 1045 2716 τι
1069 2651 1147 2741 αύτῷ

134 2749 207 2812 δέοι·
227 2751 319 2830 δῆλον
338 2747 424 2824 εἰδὼς
443 2746 483 2825 ὡς
500 2746 575 2832 πρὸς
593 2746 644 2813 τὸν
662 2747 782 2830 ἀριστον
801 2748 876 2814 odra>
895 2756 955 2814 τῶν
971 2747 1147 2831 φιλοσόφων

133 2845 255 2926 ἐρίσοιτο
283 2841 342 2931 (sio
366 2849 464 2909 Luzao
490 2869 545 2926 pro
573 2841 695 2930 ἔσοιτο)·
729 2843 766 2910 ὅν
787 2871 820 2931 με
842 2849 891 2911 καὶ
917 2851 1016 2930 Τίμων
1042 2851 1148 2910 τοῦτον

133 2942 288 3018 ἐπαινέσας
310 2941 364 3007 τὸν
385 2940 495 3025 τρόπον
518 2943 589 3025 ἔχει·
613 2939 699 3007 «οἷον
720 2978 759 2988 -
780 2941 926 3027 ἀνέγνω».

203 3098 228 3135 v.
246 3085 260 3133 1
281 3079 450 3151 δημόκριτος
464 3079 499 3134 H
501 3080 524 3150 Q
544 3078 720 3151 (compendio
738 3080 768 3134 in
786 3081 815 3135 P
829 3083 903 3137 male
922 3082 1079 3151 intellecto)
1097 3086 1101 3151 Ι
1116 3101 1147 3137 τε

133 3169 240 3239 ο11.Β,
258 3187 290 3238 με
311 3169 345 3237 (τ’,
364 3189 391 3223 τι
408 3169 473 3224 Vat.
493 3175 544 3224 140
561 3171 566 3237 Ι
585 3171 755 3238 περίφρονα,
773 3167 888 3240 πήμονα
907 3168 1009 3239 μύθων
1028 3165 1148 3241 ἀμφιλό-

132 3278 190 3327 νων
204 3259 309 3328 dccxciv
323 3276 354 3312 τε
369 3257 525 3326 Nietzsche,
545 3258 633 3314 Bcc'tr.
648 3274 670 3313 a.
687 3258 823 3328 Quclleulo.
838 3276 866 3312 ιι.
881 3258 979 3312 Krc'tc'lc
993 3260 1039 3314 dea
1052 3259 1148 3314 Lam.

132 3347 216 3416 Diop.
240 3346 336 3416 (Basil.
358 3347 438 3413 1870)
457 3364 483 3415 p.
504 3350 551 3414 22,
579 3345 680 3414 quibus
704 3345 765 3401 vult
787 3345 980 3400 Democritum
1001 3346 1149 3416 tamqnam

134 3434 295 3502 mythorum
318 3434 464 3489 inimicum
488 3464 522 3472 -
546 3433 650 3487 idcirco
674 3434 760 3488 etiam
777 3433 890 3488 Platoni
912 3432 1036 3488 invisum
1055 3450 1148 3504 neque

135 3537 258 3590 unquam
277 3523 426 3577 laudatum
445 3523 481 3591 (r.
493 3520 585 3590 Diog.)
606 3551 638 3562 -·
658 3521 688 3575 et
706 3520 871 3576 dialecticae
890 3537 999 3577 osorem
1013 3523 1147 3592 describi3
