2466 3832
108 89 157 129 re.
171 87 222 128 1111
497 96 538 107 -
588 61 649 125 197
699 97 740 106 -

140 269 144 281 f
180 236 206 275 r.
228 226 242 274 1
266 216 354 289 κρήτη
377 238 419 281 τις
437 218 488 288 Ap.
513 219 517 286 1
542 213 622 278 πόλις
646 213 704 270 ἔστι
725 214 817 269 Laert.
838 216 888 284 Ap.
908 215 1032 286 (Clam.):
1061 211 1122 284 γαῖ’

110 309 169 366 ἐότι
183 310 272 376 Dum,
290 305 374 376 πολιή
392 302 446 360 ’στι
460 304 554 361 Moser
572 304 602 358 in
617 302 720 358 Daubii
739 307 769 358 et
782 303 909 359 Orsuaeri
928 306 1001 360 stud.
1015 304 1070 360 vol.
1086 303 1125 357 VI

108 417 135 468 p.
152 403 203 453 325
220 400 225 466 Ι
241 399 336 451 οἴνοπι
353 394 449 468 πόντῳ
469 395 562 449 Laert.
581 392 702 448 Vindob.
719 398 769 447 106
786 393 790 461 Ι
809 394 1035 448 ΤΤΦωΤωΝΤω
1056 395 1084 462 (ἰ.
1100 411 1123 450 e.

107 485 190 557 crispos
220 479 314 556 πόντῳ
339 482 456 538 minime
479 483 555 550 quod
577 479 669 537 voluit
691 481 812 538 0.1ahn
838 475 920 554 τόφφ
943 483 1047 551 omitto)
1070 482 1123 552 Ap.

110 574 170 630 cod.
190 573 264 627 Flor.
283 575 400 641 uterque
420 573 449 627 et
466 570 573 626 Victor.
596 574 606 640 [l
628 589 654 626 v.
674 576 690 624 2
715 571 883 640 περίρρυτον
907 565 994 624 οὐδὲν
1013 570 1124 640 scripsi:

110 663 276 731 περίρρυτος
294 664 452 732 (περίρυτος
470 661 562 716 Laert.
581 661 610 715 B
628 661 659 714 et
676 660 704 714 P
721 658 826 731 [sedin
845 659 899 714 hoc
917 676 953 713 na
971 664 985 712 1
1005 658 1126 713 alterum

110 772 126 821 ρ
146 751 273 822 sprscr.])
292 745 379 806 οὐδὲν
396 749 476 816 libri;
495 750 677 820 περίρρυπος·
698 745 785 804 οὐδέν
802 746 836 803 Η.
858 747 1017 818 Stephanus
1035 749 1045 815 [l
1063 765 1088 802 v.
1108 753 1125 801 3

110 839 221 895 εἰσπλεῖ
237 837 329 910 μωρὸς
348 834 421 908 ἀνὴρ
439 833 595 909 παράσιτος
607 839 700 893 baert.
715 836 764 908 F!
780 834 887 908 μάργος
903 835 1014 906 scripsit
1033 831 1127 906 μωρὸς

108 928 174 983 libri
197 929 206 998 l
232 934 296 983 v.4
323 925 416 998 πόρνη
440 925 652 998 ίπαγυλλομένη
671 925 800 982 Meineke
824 925 1125 996 phi101.XVp.sas;

111 1017 218 1087 poteris
241 1013 346 1085 πόρνος
369 1037 411 1080 τις
433 1012 623 1086 ἀγαλλόμενος
648 1020 653 1086 Ι
675 1013 781 1086 πόρνος
803 1016 898 1086 Bergk
920 1015 950 1069 in
968 1015 1058 1084 Lyric.
1079 1012 1125 1068 Gr.

110 1106 175 1162 edic.
190 1108 254 1162 tert.
271 1105 335 1161 coll.
350 1104 436 1161 (ilem.
451 1104 470 1161 l.
486 1124 521 1160 s:
535 1102 642 1175 πόρνης
658 1102 724 1158 libri
740 1108 745 1174 Ι
762 1099 983 1174 ἐπαρελλόμενος
996 1103 1089 1159 Laert.
1103 1102 1126 1169 f,

110 1189 318 1267 ἐπαγαιόμενος
332 1194 493 1250 dubitanter
506 1193 635 1249 Meinelre
649 1193 668 1247 l.
679 1210 704 1256 s.¹
715 1196 725 1262 ΙΙ
738 1198 790 1247 ab
805 1189 903 1262 θυμόν
917 1193 1011 1247 Lacrt.
1021 1192 1056 1246 H
1062 1187 1126 1259 (dd-

109 1302 162 1351 μον
182 1299 251 1339 corr.
267 1300 301 1337 ex
314 1281 410 1353 θυμὸν
426 1284 462 1350 Ρ)
476 1285 487 1351 l
500 1300 526 1337 v.
537 1288 588 1336 6.”ί
608 1276 755 1349 ἀλλήλους·
776 1279 842 1350 περὶ
859 1276 967 1335 τούτων
987 1276 1038 1350 oriz
1052 1275 1126 1336 όπλοι

108 1370 270 1439 ιιείιτιρντοιιΙ
295 1371 360 1439 περὶ
382 1367 520 1439 τέρματος
541 1369 619 1423 libri:
649 1368 905 1438 interpunctionem
928 1385 998 1425 corr.
1018 1369 1124 1440 Bergk3

109 1455 249 1529 nitidiore·
283 1457 329 1514 ἐπὶ
358 1458 469 1519 τούτοις
497 1452 549 1527 οὐχ
577 1451 650 1512 ὅπλα
678 1457 842 1527 κέκτηνται,
876 1452 923 1512 ἐπὶ
950 1455 1067 1529 τέρματι
1095 1454 1123 1514 δ’

108 1549 230 1603 Meibom
250 1549 259 1617 ΙΙ
277 1564 303 1601 v.
325 1554 339 1602 7
360 1541 424 1600 οὐδ’
445 1546 539 1615 Bergk
560 1548 564 1614 Ι
585 1544 736 1614 κέκτηνται
754 1545 825 1599 mihi
843 1546 1004 1616 suspectum
1019 1550 1023 1614 Ι
1041 1542 1087 1618 οὗ]
1107 1540 1124 1615 ἢ

108 1635 231 1692 Meibom

177 1796 272 1838 corn.
310 1777 420 1838 Paucis
453 1795 530 1854 quae
562 1794 641 1835 nnnc
674 1777 706 1835 in
734 1776 781 1835 his
808 1777 927 1837 mutavi
957 1777 1124 1837 defendam.

109 1898 136 1937 v.
161 1879 179 1935 2
210 1869 299 1935 οὐδὲν
327 1873 434 1954 ἔχουσα
457 1893 555 1952 neque
578 1878 648 1951 post
670 1873 768 1952 πίειρα
791 1874 907 1934 dictum
928 1875 1002 1960 ferri
1024 1879 1126 1953 potest

109 1993 207 2051 neque
231 1992 300 2032 cum
322 1995 349 2034 v.
375 1974 393 2032 5
418 1973 588 2033 concordat.
629 1973 733 2049 itaque
759 1991 832 2049 pera
853 1973 961 2049 nequit
983 1967 1125 2032 contendi

111 2071 231 2130 omnino
256 2070 366 2129 habero
385 2071 470 2147 nihil,
494 2070 546 2128 sed
565 2071 663 2146 solum
682 2072 781 2128 certae
800 2069 958 2128 cuiusdam
974 2071 1020 2129 rei
1037 2070 1127 2147 nihil3

111 2184 190 2244 quae
213 2166 314 2243 qualis
337 2167 378 2226 sit
400 2186 436 2226 er
458 2169 569 2226 natura
590 2167 775 2243 placitorum
797 2165 888 2225 huius
909 2170 1009 2227 sectae
1027 2171 1126 2243 patet:

108 2263 247 2324 luxuriae
284 2264 361 2323 nihil
396 2264 489 2324 habet
524 2265 574 2326 rel
609 2263 821 2323 abundantiae.
876 2264 987 2324 idcirco
1020 2265 1126 2343 scripsi

107 2361 285 2441 περίρρυτον
317 2354 406 2422 οὐδὲν
437 2359 559 2440 ἔχουσα,
592 2359 673 2439 quod
699 2360 861 2421 Homerico
889 2381 979 2423 vorsu
1007 2364 1125 2423 detorto

108 2459 188 2518 idem
206 2461 308 2520 valere
326 2460 459 2519 voluerit
479 2458 583 2519 Grates
602 2462 694 2536 atque
713 2459 790 2518 dixit
804 2459 986 2521 Plutarchus
1000 2460 1065 2520 Per.
1084 2462 1123 2520 16

109 2550 232 2628 οὐδενός
261 2553 471 2635 περιρρέοντος.
518 2557 561 2616 sic
589 2557 680 2616 simul
706 2557 836 2616 alterum
858 2558 1001 2618 mendum
1024 2561 1124 2619 sustu·

107 2653 207 2712 limus.
245 2653 374 2713 nimium
392 2674 463 2714 vero
483 2658 537 2732 est,
556 2655 638 2732 quod
656 2654 848 2715 intolerabile
865 2673 936 2715 sane
954 2657 1126 2737 περίρρυτος

106 2752 256 2812 traditum
283 2744 442 2812 mutarunt
468 2753 500 2811 in
527 2751 720 2830 περίρρυπος;
751 2755 923 2830 squalorem
950 2755 1006 2814 hoc
1029 2755 1124 2831 potis-

107 2848 218 2907 simum
247 2851 382 2924 tempore
410 2848 508 2926 cynici
535 2849 664 2909 fortasse
691 2870 746 2927 pro
769 2851 878 2928 nihilo,
911 2850 964 2910 sed
986 2870 1047 2911 non
1068 2869 1124 2928 pro

106 2944 256 3005 laudabili
273 2945 356 3006 ritae
374 2946 479 3006 decore
498 2946 658 3007 duxerunt.
675 2979 713 2989 -
729 2947 873 3025 Pergitur
891 2951 993 3008 autem
1011 2948 1124 3026 optimo

107 3043 145 3102 ad
167 3044 274 3120 procul
297 3043 468 3103 habendum
490 3043 522 3103 id
545 3061 640 3121 genus
662 3044 819 3103 hominum
842 3044 923 3121 quod
946 3045 985 3105 ad
1005 3064 1124 3104 omnem

106 3139 260 3200 luxuriam
279 3141 421 3200 advolare
441 3141 566 3200 solitum
585 3143 640 3219 est,
657 3140 861 3218 parasitorum
879 3146 910 3200 ot
924 3141 1126 3202 cinaedorum.

106 3237 158 3296 sed
190 3239 302 3298 stultos
335 3256 399 3298 csse
432 3239 582 3316 parasitos
616 3238 685 3316 quis
718 3238 848 3312 audivit¹
861 3239 911 3300 vel
943 3237 1125 3300 crediderit?

105 3335 270 3406 perlustres
303 3337 426 3414 longam
459 3335 664 3414 epithetorum
698 3336 818 3414 seriem,
850 3355 942 3416 quam
973 3339 1125 3418 congessit

105 3447 203 3506 nuper
224 3433 429 3508 parasitorum
451 3432 618 3511 descriptor
635 3435 811 3495 verissimus
830 3438 861 3495 et
880 3437 1130 3514 elegantissimus

933 3744 1217 3798 l
