2466 3832
522 270 563 279 -
613 226 676 298 180
722 271 763 280 -
1030 257 1165 301 monus

584 467 702 527 LVIIII

180 579 270 670 ἡνίκ’
296 586 397 672 ἐχρῆν
421 585 555 668 δύνειν,
577 586 644 651 νῦν
666 581 801 671 ἄρχεται
824 580 1035 670 ἡδύνεσθαι·

179 687 250 777 ὥρη
275 690 371 777 ἐρᾶν,
395 686 465 776 ὥρη
490 688 528 756 δὲ
549 703 684 777 γαμεῖν,
709 687 780 778 ὥρη
805 688 843 758 δὲ
865 692 1075 758 πεπαῦσθαι.

414 874 535 917 ΗΟΜΕΒῙ
557 874 723 918 DETORTVS
745 874 863 916 VBRSVS

133 973 163 1028 in
182 992 207 1028 v.
227 979 258 1028 δε
276 978 291 1028 ί
310 979 362 1028 379
381 966 440 1043 ῦρη
459 970 511 1044 μὲν
529 970 640 1027 ποίέυν
660 969 776 1043 μύθων,
796 966 854 1042 ὄρη
874 971 906 1028 δὲ
926 973 976 1028 καί
995 967 1104 1031 ῦπνον.

201 1177 287 1218 nnsn.
311 1159 523 1218 Athenaeus
541 1158 601 1216 VII
619 1178 647 1234 p.
664 1149 745 1218 281d
768 1156 834 1237 περὶ
858 1154 891 1218 δὲ
909 1159 1077 1221 Διονυσίου
1102 1166 1158 1224 τοῦ

128 1247 334 1331 Ἡρακλεώτου
356 1254 386 1314 τί
402 1251 515 1314 δεῖκαὶ
537 1250 644 1332 λέγεινς
668 1247 701 1326 dg
723 1251 862 1334 ίίντιιιρυς
884 1248 1002 1330 ἆποδύς
1025 1250 1080 1318 τὸν
1104 1263 1157 1339 τῆς

132 1345 238 1432 ίιρετῆς
256 1353 363 1431 χιτῶνα
381 1344 493 1412 ἆνθινδι
512 1344 730 1430 μετημφιάσατο
748 1350 798 1412 καὶ
812 1349 1028 1431 Μεταθέμενος
1041 1351 1154 1418 καλού·

134 1471 222 1529 μενος
245 1448 355 1530 ἔχαιρε,
378 1449 473 1511 καίτοι
495 1441 619 1530 γηραιδς
641 1440 769 1522 ἆποστδις
791 1451 850 1510 νῦν
872 1452 924 1527 τῆς
943 1454 1030 1524 στοᾶς
1054 1448 1155 1534 λόγων

132 1545 182 1608 καὶ
205 1545 253 1608 ἐπὶ
274 1541 326 1609 τδν
341 1541 521 1627 Ἐπίκουρον
539 1539 759 1626 μεταπηδήσας·
783 1543 850 1625 περὶ
874 1535 910 1607 οῦ
930 1540 985 1608 οῦκ
1004 1541 1154 1628 ἀχαρίτως

132 1637 149 1705 δ
170 1645 270 1724 Τίμων
292 1644 363 1724 ἔφη·
388 1638 490 1725 «ἡνίκ’
512 1676 553 1686 -
573 1646 775 1704 πεπαῦσθαι».
816 1634 904 1724 (Inde
926 1644 1155 1707 Eusiathius

131 1742 163 1802 in
183 1742 288 1820 Odyss.
311 1764 340 1820 p.
365 1746 459 1821 1691,
479 1745 521 1802 30
545 1739 585 1801 ἔτι
608 1737 716 1818 ἰστέον,
740 1735 784 1803 ὅτι
801 1735 949 1824 Ὁμηρικῷ
973 1735 1051 1827 ζήλῳ
1076 1741 1155 1824 λέγει

131 1862 174 1912 τις
192 1835 262 1918 παρ’
280 1834 433 1923 Ἀθηναίῳ
452 1834 483 1901 τὸ
504 1833 587 1918 ((ίίρη
606 1870 643 1880 -
660 1841 866 1916 πεπαῦσθαι»,
890 1828 913 1923 ᾧ
932 1830 1085 1920 σύγκειται
1103 1839 1156 1902 καί

130 1931 162 1997 τὸ
196 1931 301 2015 «ἡνίκ’
332 1970 374 1978 -
402 1930 594 2014 ἡδύνεσθαι»
632 1931 727 2016 ῥηθὲν
763 1933 812 1996 ἐπὶ
843 1937 957 2020 γηραιῷ
988 1931 1155 2022 τρνφητῇ.)

131 2032 292 2093 Antholo
298 2033 359 2111 gia
372 2033 486 2093 Palae.
500 2034 528 2093 X
543 2036 585 2094 38
601 2024 739 2115 (Anthol.
753 2035 881 2095 Planud.
896 2037 977 2112 p.20
988 2030 1156 2120 stephan.)

131 2131 188 2191 sub
211 2133 353 2192 lemmate
377 2130 553 2193 Διονυσίου·
578 2125 662 2210 «Apa
685 2164 722 2173 -
743 2135 949 2193 πεπαῦσθαι».

203 2286 229 2322 v.
247 2273 261 2321 1
280 2266 334 2320 νῦν
353 2265 419 2320 Am.
439 2266 530 2321 anth:
548 2260 609 2320 τότ’
630 2265 708 2321 Euat.
722 2267 732 2336 ΙΙ
746 2285 771 2322 v.
787 2272 803 2320 2
823 2261 881 2335 ῦρη
900 2262 929 2319 δ’
952 2262 1021 2334 ἐρᾶν
1041 2267 1127 2326 Euat.
1152 2271 1155 2342 ί

132 2352 164 2409 δὲ
183 2356 351 2410 πεπαῦσθαι
369 2355 459 2412 anth:
480 2352 511 2410 δὲ
531 2353 679 2409 παύεσθαι
698 2355 764 2408 Ash.
783 2354 860 2407 Eust.

131 2469 198 2477 --.

198 2561 292 2602 σοντι.
321 2541 368 2600 Ea
391 2558 469 2617 quae
491 2539 668 2598 Athenaeus
692 2539 728 2599 de
751 2539 898 2616 Dionysio
920 2539 1157 2605 Meoathemeno

130 2641 224 2700 refert
245 2640 343 2716 petita
362 2642 435 2698 sunt
452 2638 559 2714 procul
579 2636 671 2696 dubio
695 2654 731 2695 ex
744 2636 900 2715 Antigono
915 2635 1074 2718 Carystio,
1100 2642 1157 2719 qui

130 2736 162 2795 in
182 2756 216 2796 eo
236 2738 387 2812 discrepat
406 2753 423 2793 a
441 2734 538 2811 Nicia,
563 2734 645 2811 quod
662 2734 845 2811 Dionysium
862 2739 1082 2811 proveetum
1103 2739 1156 2799 de·

130 2853 214 2892 mum
237 2835 338 2892 aetate
361 2831 449 2890 luxui
472 2850 503 2890 se
527 2831 644 2890 dedisse
667 2832 816 2910 narravit,
842 2832 1008 2911 seeundum
1026 2834 1157 2912 Nioiam

129 2948 201 2991 vero
226 2922 271 3011 (in
295 2928 518 2989 successionum
536 2927 622 2987 libris
645 2930 728 3005 apud
749 2929 860 2988 Athon.
879 2931 907 2989 X
927 2950 955 3006 p.
976 2924 1074 3013 437⁰)
1099 2935 1157 2993 ille

129 3028 191 3088 fuit
214 3024 250 3087 ἐκ
273 3022 358 3086 νίου
380 3018 455 3105 πρὸς
477 3019 513 3086 τὰ
536 3017 697 3110 ἀφροδίσια
720 3021 858 3104 ἐμμανής.
896 3031 927 3086 et
951 3027 1157 3091 oonfinnatur

129 3127 204 3186 haee
217 3125 366 3204 Antigoni
379 3125 514 3185 narratio
530 3123 663 3182 Timonis
678 3124 823 3201 versibus,
839 3143 914 3200 quos
927 3123 1091 3199 probabile
1107 3134 1157 3190 est

128 3224 229 3300 ipsum
246 3224 437 3302 Antigonum
454 3223 603 3283 laudasse.
641 3221 763 3298 singula
783 3222 931 3298 quaedam
951 3222 986 3280 do
1005 3223 1157 3304 Dionysii

128 3321 362 3399 intemperantia
402 3322 598 3399 protulerunt
640 3337 676 3376 ex
713 3319 818 3378 eodem
852 3319 1007 3396 Antigono
1046 3321 1156 3386 Laert.

128 3417 217 3497 Diog.
240 3419 383 3478 VH167
409 3423 440 3479 et
462 3420 572 3478 Athen.
596 3416 624 3475 X
646 3436 675 3492 p.
699 3418 779 3476 437⁰
808 3407 860 3497 (of.
884 3415 1157 3501 Wilamowitzius,

128 3512 289 3590 Αυίίγοιιοε
311 3536 339 3592 p.
362 3507 448 3596 126).
495 3518 629 3575 osterum
652 3515 703 3575 vix
727 3518 785 3592 est,
810 3532 864 3572 oun
884 3532 1024 3574 moneam
1047 3502 1156 3594 primo

128 3629 219 3672 versu
241 3631 301 3671 non
325 3612 423 3670 solum
442 3613 537 3672 vitam
554 3614 707 3690 privatam
725 3611 866 3690 Dionysii
883 3612 956 3690 peti,
981 3614 1035 3674 sed
1055 3616 1157 3678 etiam
