2466 3832
497 166 539 175 —
588 129 652 194 154
700 165 737 174 —
1005 151 1133 195 means

546 313 690 372 XXXXII

172 423 247 495 οὐδ’
270 424 522 517 Ἀκαδημιακῶν
543 425 845 517 πλατυρημοσύνης
867 424 1058 497 ἀναλίστου

176 631 261 674 Tusa.
285 615 457 675 Laertius
481 613 582 692 Diog.
606 613 651 674 IV
674 616 715 674 67
739 606 873 673 καθόλου
896 608 930 673 δὲ
952 605 1026 686 τοὺς
1045 606 1130 674 'Am

109 707 273 790 δομινκοὺς
305 707 321 773 ὃ
355 712 457 789 Τίμων
488 704 594 773 οὑτωσὶ
627 703 685 794 (sio
713 710 746 769 F
767 729 822 788 pro
855 703 947 793 otro)
982 704 1129 791 imatos·

110 803 196 870 «οὐδ’
224 842 265 851 -
290 804 477 871 ἀναλίστου».

177 937 387 1013 Ἀκαδημαϊκῶν
406 942 471 998 libri
490 939 707 1012 (danismanis
721 941 769 1011 V):
788 958 858 996 corr.
874 940 947 997 Guil.
963 940 1092 997 Dindorf
1100 942 1129 996 in

108 1032 204 1087 adnot.
220 1031 281 1087 erit.
297 1031 415 1086 Luciani
429 1032 495 1088 edit
509 1051 537 1101 p.
547 1031 626 1087 XXII
639 1031 712 1087 hano
731 1031 821 1086 solam
834 1029 994 1100 legitimam
1007 1029 1128 1086 formam

110 1137 171 1175 esse
199 1121 302 1175 docens
327 1123 332 1192 Ι
357 1117 625 1191 πλατυορημοσάνης
645 1120 705 1191 FQ
725 1121 729 1190 Ι
750 1113 901 1174 ἀναλίστου
919 1117 1127 1177 BFGHPV:

108 1204 268 1264 ἀναλάστου
291 1208 350 1264 Ao
369 1209 449 1265 codd.
476 1208 613 1280 Stephani
635 1211 664 1264 et
687 1210 712 1277 f3
743 1203 903 1276 ἀναλόστομ
924 1206 960 1278 Q?
990 1203 1127 1265 ἀλιάστοο

110 1297 140 1352 F.
156 1296 267 1354 Schoell

175 1468 271 1510 coner.
295 1448 446 1511 consueto
470 1468 553 1510 more
576 1449 651 1509 lusit
670 1449 777 1508 Timon
798 1447 830 1507 in
848 1447 986 1509 Platonis
1005 1451 1126 1512 nomine

107 1540 187 1625 παρὰ
209 1541 327 1628 γράμμα
351 1547 534 1626 usurpando,
558 1547 681 1607 sedhic
704 1546 797 1606 etiam
819 1545 1005 1606 acerbiorem
1027 1551 1083 1610 red
1105 1551 1127 1610 't

107 1644 210 1706 lusum
230 1645 335 1706 addita
352 1647 462 1706 insulsi
479 1645 601 1706 notione
620 1663 746 1721 samque
765 1644 913 1721 expressit
929 1645 1030 1706 forma
1048 1653 1127 1711 oeta-

107 1746 217 1821 roquin
256 1744 395 1804 inaudita
431 1737 586 1814 ἀνάλωτος
622 1733 703 1823 (loeo
740 1741 901 1803 verborum
933 1736 1045 1816 ἀναλος
1077 1746 1128 1809 vel

110 1834 233 1912 ἀναλτος
256 1832 420 1922 adhibita),
444 1859 536 1917 quam
559 1839 598 1899 ab
621 1830 708 1910 ἀλίζω
732 1838 890 1901 derivavit.

535 2150 694 2211 XXXXIII

183 2267 257 2338 οὐδ’
283 2268 337 2353 ἀρ’
360 2267 606 2352 Ἀριστοτέλους
628 2241 842 2352 εἰκαιοσύνης
864 2263 1038 2354 ἀλεγεινῆς

389 2455 511 2496 nonam
533 2452 698 2497 nnroarvs
722 2451 839 2496 vnasvs
901 2489 912 2509 ,

111 2527 134 2584 ‘-
180 2556 211 2607 Ψ
227 2548 526 2620 toamnasarim
544 2547 692 2620 ἀλεγεινῆς
710 2549 822 2618 (eadem
839 2564 935 2604 versus
954 2549 1030 2618 sede)

168 2735 254 2777 rnsr.
278 2717 452 2778 Laertius
474 2716 577 2795 Diog.
601 2716 630 2776 V
655 2720 694 2775 11
724 2709 797 2776 ἀλλὰ
824 2712 875 2777 καὶ
900 2715 1000 2795 Τίμων
1027 2711 1121 2781 αὐτοῦ

105 2806 267 2891 καθήψατο
290 2807 396 2873 rianio·
420 2805 509 2873 «οὐδ’
535 2844 577 2853 -
602 2805 782 2892 ἀλεγεινῆς».

175 2943 368 3010 εἰκαινσάναις
386 2942 539 3016 ἀλλογενῆς
562 2945 606 3014 Vt
622 2940 735 3016 ἀλέγειν
754 2937 788 3016 ἧς
806 2947 834 3000 Β

172 3136 268 3178 coner.
291 3116 493 3194 vituperatur
515 3134 533 3174 a
556 3115 681 3176 Timone
700 3113 875 3176 Aristotelis
898 3114 1008 3176 levitas
1030 3116 1120 3176 mise·

103 3216 221 3293 rabilis,
254 3233 347 3292 quam
377 3215 428 3273 illi
457 3214 677 3273 demonstrasse
711 3231 746 3272 eo
779 3213 862 3274 visus
890 3217 936 3273 est
963 3214 1046 3291 quod
1072 3219 1121 3276 tot

104 3314 229 3390 physica
251 3314 351 3392 logica
374 3313 473 3373 ethica
495 3311 609 3389 piacita
630 3331 685 3388 pro
708 3310 988 3388 certisproposr'rit.

170 3410 312 3471 Ceterum
343 3414 469 3487 apparet
496 3411 552 3469 hoo
579 3409 615 3467 fr.
644 3427 714 3468 cum
740 3408 930 3468 antecedenti
959 3414 1042 3470 arete
1070 3427 1119 3470 οο·

103 3505 226 3568 haerere
255 3513 286 3569 et
313 3512 477 3586 utrumque
503 3507 674 3585 proximum
700 3525 765 3566 esse
788 3507 959 3583 fragmento
983 3506 1118 3567 XXXXI.

504 3644 716 3655 -.....-—-
