2466 3832
505 154 725 250 „234

105 352 272 411 secundum
297 351 462 410 stoicorum
480 339 650 409 doctrinam
668 348 826 425 φαντασίαι
837 342 861 430 ¹)
882 382 923 390 -
944 349 1121 425 exiguntur:

106 449 254 526 quidquid
278 449 398 510 varium
420 466 538 524 semper
557 451 587 508 et
605 447 766 523 mutabile,
790 466 869 505 nunc
888 450 971 506 certa
990 446 1123 524 quadam

106 545 223 605 ratione
242 565 322 604 nunc
341 546 402 604 alia
421 549 628 622 comparatum
647 563 710 603 esse
729 544 864 620 videtur,
888 563 985 620 neque
1010 545 1122 603 bonum

106 646 155 701 est
176 662 272 720 neque
300 642 449 719 divinum,
478 643 530 702 sed
553 641 702 719 quidquid
724 662 820 701 unum
843 627 960 717 semper
982 641 1122 718 idemque

105 757 172 798 esse
196 741 400 817 cognoscitur,
424 740 537 799 bonum
560 743 591 798 et
617 739 762 799 divinum.
795 739 930 798 adhaec
953 757 1025 814 ergo
1051 739 1121 796 diri·

105 855 214 914 gamus
238 839 437 915 cogitationes
460 841 492 897 et
514 839 641 896 affectus
669 841 788 896 nostros
812 853 933 894 necesse
957 837 1004 892 est
1027 838 1058 892 et
1080 834 1149 921 sic¹

105 933 142 994 fit
160 938 196 994 ut
214 936 423 994 nanciscamur
445 953 597 994 summum
615 933 693 992 illud
712 935 912 1010 scepticorum
929 933 1051 1007 bonum,
1069 924 1124 1008 τὴν

106 1025 229 1110 ἄταραξί
228 1055 273 1092 αν.
310 1034 371 1091 iam
394 1033 491 1110 igitur
512 1033 712 1110 intellegitur,
736 1030 886 1108 quomodo
904 1047 995 1090 versu
1014 1030 1123 1119 quarto

107 1129 224 1189 dictum
248 1133 301 1190 sit:
325 1129 355 1203 ἐξ
325 1119 417 1190 doio
435 1124 566 1202 ἰσότατος
583 1129 693 1211 γίνεται
711 1115 799 1206 1111111
816 1127 890 1206 βίος.
928 1127 1032 1186 statim
1051 1144 1122 1186 vero

108 1226 141 1285 id
158 1243 278 1306 quoque
298 1228 464 1306 apparebit,
483 1247 538 1287 cur
555 1226 694 1305 ἰνδαλμοί
709 1227 835 1285 carmini
854 1245 908 1285 suo
927 1223 1123 1301 inscripserit,

106 1344 170 1400 qua
193 1326 229 1385 de
252 1347 284 1385 re
307 1346 367 1385 non
386 1327 485 1385 111111
502 1325 600 1386 Nicol.
613 1325 747 1384 Bachius
755 1316 781 1405 2)
805 1342 945 1399 perverse
967 1321 1123 1396 iudicavit,

107 1423 161 1480 sed
188 1443 286 1500 neque
314 1425 378 1500 ipse
407 1423 480 1482 olim
510 1443 539 1499 p.
566 1427 620 1499 11,
658 1422 800 1481 seductus
834 1419 968 1496 eleganti
998 1416 1124 1493 Bergkii

108 1519 284 1577 coniectura
304 1538 395 1595 quam
414 1537 506 1594 supra
522 1519 561 1576 ad
574 1519 640 1576 fr.1
659 1517 813 1594 adscripsi,
835 1535 933 1593 neque
952 1514 1123 1591 nuperrime
1152 1499 1163 1535 ¹·

109 1613 260 1673 Himelius
288 1636 316 1692 p.
341 1618 383 1675 54
410 1633 534 1692 prorsus
565 1617 668 1691 recte,
694 1631 878 1690 quamquam
910 1616 1029 1688 partem
1060 1611 1125 1672 veri

48 1792 52 1797 ι
108 1715 238 1789 uterque
266 1713 410 1772 assecuti:
442 1731 513 1771 nam
544 1732 641 1791 neque
670 1713 769 1772 solum
801 1711 849 1769 111Ι
865 1710 950 1770 falsis
979 1713 1010 1769 et
1037 1710 1124 1770 vanis

108 1811 293 1889 imaginibus
317 1830 395 1888 quae
418 1811 449 1869 in
467 1815 606 1872 nostrum
625 1811 759 1870 animum
777 1810 937 1868 incurrunt
955 1807 1032 1866 dixit
1049 1808 1124 1885 Pyr-

63 1900 66 1906 ’
106 1908 200 1986 rhen,
224 1909 305 1986 quod
329 1928 384 1988 ego
409 1910 517 1986 statui,
546 1928 643 1986 neque
673 1909 772 1968 solum
800 1906 940 1968 deveris
968 1910 999 1966 et
1025 1906 1124 1983 iustiS,

108 2005 191 2082 quod
208 2005 360 2065 Hirzelius
378 2007 486 2083 voluit,
510 2007 562 2065 sed
580 2006 726 2066 tractavit
745 2005 848 2063 ambas
867 2004 1031 2081 docuitque
1050 2022 1123 2080 quo·

108 2220 195 2274 111111
218 2239 246 2291 p.
266 2227 313 2286 583
339 2219 427 2275 etiam
448 2220 540 2275 minus
562 2218 677 2287 proban·
699 2219 795 2286 potest
818 2217 893 2285 quod
917 2215 1030 2286 scripsit
1047 2216 1124 2269 idem

110 2318 137 2370 p.
157 2306 205 2368 603
231 2300 289 2353 ‘die
310 2294 454 2368 'Ivdntpol
473 2314 567 2352 waren
590 2297 677 2351 daher
695 2295 758 2350 eine
778 2295 904 2350 ethische
918 2293 1037 2362 -Schn’ft,
1057 2295 1125 2349 aber

109 2378 191 2432 nicht
213 2379 244 2432 in
267 2377 331 2431 dem
349 2376 447 2442 Sinna,
472 2375 537 2430 dass
560 2375 601 2430 111
625 2374 671 2430 die
690 2376 794 2429 letzten
813 2374 971 2444 Principian
990 2375 1039 2429 der
1058 2374 1125 2429 Sitt-

109 2456 230 2511 li'chkeit
254 2457 422 2522 crdrtertcn3
451 2455 501 2508 das
528 2455 605 2509 blieb
629 2457 752 2510 anderen
775 2455 918 2511 Schriften
940 2455 1125 2511 vorbehalten

109 2537 167 2590 und
194 2536 289 2590 wurde
317 2537 347 2590 in
377 2535 432 2590 den
457 2530 600 2604 Ἰνδαλμοί
625 2534 667 2589 als
695 2537 788 2605 μῦθος
814 2531 953 2606 ἀληθείης
981 2553 1124 2592 vorans·

110 2616 262 2684 gesetzt’
275 2618 304 2686 (!)
333 2616 467 2685 (ceterum
494 2615 633 2685 quomodo
657 2617 749 2671 totum
773 2617 945 2673 enuntiatum
971 2616 1125 2688 Natorpius

108 2692 165 2749 11.
186 2714 207 2750 1.
226 2713 252 2764 p.
271 2701 323 2751 292
343 2697 504 2752 construere
522 2694 657 2766 voluerit,
677 2714 721 2751 me
740 2697 831 2766 latet).

184 2776 211 2846 1)
232 2774 272 2830 cf.
292 2775 453 2845 Netorpius,
474 2775 593 2832 Ferrea·
608 2793 630 2831 z.
651 2777 743 2832 Gecct.
762 2779 789 2832 d.
808 2778 1125 2846 Ermatniecprobtcms

109 2856 137 2926 p.
157 2862 223 2923 289,
247 2857 296 2926 qui
318 2858 394 2912 recte
420 2855 555 2912 refutavit
573 2856 738 2925 Hirrofium,
762 2857 866 2913 Uetera.
886 2858 926 2911 III
944 2876 970 2927 p.
991 2863 1024 2911 22
1049 2857 1125 2912 coni·

109 2936 240 3004 cientem,
259 2936 405 2991 Tim0nem
423 2934 567 3007 tvdatpciv
585 2937 701 2991 titulum
715 2954 730 2991 e
745 2936 922 2992 Democriteo
941 2938 1023 2992 huius
1042 2952 1125 2992 voca·

97 3016 171 3071 'buli
189 3035 243 3071 usu
261 3016 385 3087 petiisse.

89 3105 94 3114 ‘
182 3096 286 3164 2)1111
309 3101 412 3174 quaest.
432 3097 494 3166 1119.
513 3112 583 3187 spec.
601 3097 659 3166 Ip.
680 3095 833 3164 8scripsit
855 3095 939 3149 haec:
969 3093 1125 3164 ‘indutpoiv

109 3175 256 3246 inscriptio
282 3175 386 3268 repetit
387 3192 405 3229 a
429 3191 489 3230 esse
512 3174 624 3230 videtur
647 3175 683 3230 ab
705 3173 878 3244 imaginibus
902 3175 959 3228 sive
983 3172 1124 3242 parabolis

109 3273 181 3325 quas
206 3256 322 3326 poeta
313 3274 344 3309 m
367 3253 503 3308 auxilium
525 3253 640 3309 vocavit
662 3255 699 3308 ad
721 3254 917 3325 parodicomm
941 3253 1125 3307 distichorum

111 3335 169 3391 vim
183 3335 404 3391 confirmandam
419 3333 593 3403 aliorumque
607 3333 839 3423 philosophorum
853 3334 987 3403 dogmate
1001 3332 1035 3386 de
1045 3332 1125 3386 seriis

111 3416 142 3470 in
159 3415 280 3472 ridicula
298 3415 534 3482 contorquenda'·
527 3413 674 3469 ·credidit
688 3412 762 3466 enim
776 3411 854 3465 nullo
868 3411 1033 3481 argumento
1048 3411 1126 3465 nisus

111 3495 163 3551 hos
187 3489 340 3565 ivdazpodc
364 3508 426 3550 csse
450 3510 485 3549 ex
507 3493 616 3564 elegiae
638 3489 787 3563 parodicae
811 3491 886 3559 quod
910 3491 1047 3547 detexisse
1071 3489 1127 3544 sibi

110 3575 188 3632 visus
207 3576 250 3630 est
267 3589 377 3646 genere
419 3585 423 3593 '
