2466 3832
578 136 798 201 ..40-

182 303 237 362 illa
258 302 352 361 fuisse
375 300 558 378 compositos
580 301 690 378 forma,
714 317 775 377 qua
798 317 902 359 eorum
924 303 1043 376 partem
1061 300 1197 378 aliquam

182 401 276 459 fuisse
299 398 429 459 coniecit
450 415 529 458 unus
552 397 687 458 omnium
708 397 837 457 maxime
860 396 898 457 de
922 397 1047 458 Timone
1069 400 1198 461 meritus

182 496 360 575 Meinckius,
374 513 463 558 acero.
475 494 621 557 Μέλανι
635 495 739 572 specI
751 515 780 572 p.
792 498 811 555 6
827 486 921 575 (anot.
930 497 963 555 in
974 493 1079 554 Attea
1088 516 1118 573 p.
1130 490 1199 579 26),

184 590 331 666 νεκυίαὸ
342 595 471 654 formam
485 592 560 653 dico.
584 611 662 670 quae
677 593 851 653 coniectura
864 595 902 654 ut
914 593 977 652 fere
990 592 1088 654 invito
1100 595 1199 656 cuivis

181 693 256 771 ipsis
278 691 417 770 reliquiis
440 690 627 768 obtruditur,
650 690 696 750 ita
716 690 786 750 inde
804 708 953 750 summam
969 689 1198 766 probabilitatis

182 788 312 866 speciem
334 787 392 848 sibi
415 786 568 864 adsciscit,
592 787 768 874 quodntalis
792 788 889 847 forma
907 787 1066 864 aptissima
1089 789 1199 848 estad

181 885 427 964 perstringendos
449 887 586 945 mortuos
605 902 673 944 cum
692 885 769 944 alios
791 887 859 944 tum
880 884 1076 962 philosophos
1098 905 1199 963 neque

181 985 248 1043 ulle
270 983 352 1060 apud
376 981 506 1042 Graecos
528 982 719 1061 frequentius
746 983 778 1040 in
805 981 953 1059 poematis
979 980 1122 1042 irrisoriis
1145 982 1198 1041 ad·

69 1100 77 1117 ·
112 1092 114 1097 '
181 1081 304 1141 hibetur
325 1098 423 1156 nsque
446 1083 548 1156 potest
573 1079 739 1158 excogitari
758 1078 919 1157 quaepiam
942 1079 1039 1157 magis
1063 1098 1200 1157 congrua

182 1177 309 1240 carmini
331 1195 368 1236 cx
390 1176 522 1236 Homero
545 1178 685 1254 parodice
708 1177 836 1237 detorto.

248 1275 378 1335 Maxime
400 1275 480 1336 enirn
497 1275 636 1335 idoneam
653 1274 731 1333 hanc
750 1291 815 1333 esse
837 1273 966 1332 formam
988 1273 1027 1332 ad
1050 1273 1198 1352 sugillan-

182 1375 235 1436 dos
266 1373 403 1433 homines
435 1373 593 1432 defunctos
626 1373 679 1450 qui
710 1375 840 1432 testetur
872 1371 1078 1432 fideiussorem
1107 1372 1198 1432 iubeo

180 1471 454 1548 locupletissimum
481 1470 602 1549 prodire
630 1469 811 1530 Schillerum
838 1468 871 1527 in
898 1469 1029 1545 epistola
1058 1468 1097 1528 ad
1121 1467 1198 1530 Goe-

180 1570 280 1630 thium
311 1569 408 1646 pridie
435 1569 496 1628 kal.
520 1569 651 1628 februar.
676 1570 761 1629 1796
790 1567 862 1627 data
888 1567 948 1626 vol.
971 1566 987 1625 I
1009 1587 1038 1642 p.
1064 1568 1126 1626 132
1152 1567 1197 1626 cd.

180 1671 251 1726 tert
274 1658 405 1747 (Stuttg.
422 1656 523 1745 1870)
547 1665 593 1724 ita
610 1665 802 1724 scribentem:
825 1664 897 1742 „Ich
915 1663 992 1723 habe
1011 1663 1109 1724 dieser
1126 1667 1199 1743 tage

182 1764 239 1823 den
252 1763 366 1845 Homer
388 1781 442 1820 nur
463 1761 545 1821 hand
568 1780 745 1839 genommen
763 1761 826 1820 und
845 1806 940 1820 .....
959 1761 990 1820 in
1010 1761 1063 1820 der
1075 1761 1199 1838 chyo-

181 1860 295 1920 mantis
317 1850 398 1939 (eine
417 1858 574 1936 prachtige
594 1859 695 1935 quelle
713 1877 773 1919 von
791 1859 937 1934 parodien
956 1852 1121 1942 entdeckt),
1143 1880 1199 1919 um

181 1957 230 2016 dic
252 1943 470 2017 verstorbenen
486 1957 614 2016 autoren
632 1954 695 2014 und
717 1956 766 2015 hie
785 1956 906 2016 undda
924 1957 1001 2017 auch
1024 1957 1073 2017 die
1095 1957 1198 2018 leben·

181 2056 239 2115 den
257 2074 295 2113 nu
312 2054 432 2131 plegen.
464 2053 591 2117 Denken
608 2052 658 2112 Sic
677 2053 733 2113 auf
748 2053 814 2113 sine
832 2054 1039 2115 introduction
1053 2055 1199 2116 Newtons

181 2153 217 2212 in
237 2153 291 2212 dcr
312 2152 482 2212 unterwelt.
507 2197 536 2210 ..
564 2150 650 2210 Beim
673 2151 809 2211 schlusse
832 2151 928 2211 denko
950 2152 999 2211 ich
1022 2152 1119 2230 geben
1141 2153 1200 2212 wir

180 2252 258 2311 noch
284 2250 351 2310 eine
377 2248 517 2309 komddie
548 2249 581 2309 in
608 2244 841 2327 epigrammen.“
882 2267 917 2309 ac
948 2253 1056 2309 notum
1088 2253 1135 2310 est
1165 2251 1198 2310 in

180 2349 284 2409 Xeniis
305 2349 490 2409 332—413
518 2349 575 2407 hoc
602 2347 762 2407 consilium
787 2365 807 2406 a
836 2346 964 2407 (boethio
990 2345 1200 2426 Schilieroque

180 2447 349 2522 perfectum
377 2464 441 2505 esse
469 2445 514 2504 ita
536 2448 574 2504 ut
595 2443 756 2523 fingerent,
785 2461 849 2504 sese
872 2462 891 2502 a
914 2443 1003 2502 Musa
1030 2443 1062 2502 in
1086 2443 1199 2515 Orcum

181 2543 326 2604 deductos
344 2543 476 2620 primum
494 2542 656 2601 nonnullos
674 2542 810 2631 homines
828 2541 981 2604 litteratos
995 2541 1107 2601 vidisse
1121 2561 1200 2620 quos

181 2639 384 2699 describerent
415 2637 551 2699 versibus
584 2657 620 2696 ex
651 2637 776 2698 Homeri
807 2637 925 2720 Νεκυίᾳ
956 2637 1083 2698 detortis
1116 2630 1196 2720 (332

181 2728 316 2816 —370)‚
339 2739 406 2794 tum
428 2735 642 2813 interrogando
662 2736 801 2813 quisnam
823 2735 1074 2813 philosophorum
1095 2740 1200 2812 posset

178 2833 313 2910 proferre
346 2831 456 2910 dogma
488 2831 664 2893 universum
692 2833 942 2910 philosophorum
968 2837 1119 2894 certamen
1146 2852 1198 2892 ex-

180 2930 289 2990 citasse
317 2921 547 3012 (371-389),
579 2929 708 3010 denique
741 2930 928 3007 colloquium
960 2948 1029 2990 cum
1056 2928 1198 3008 Hercule,

181 3027 397 3113 Shakspeario,
420 3028 458 3087 de
476 3028 640 3106 ,tragoedia
662 3027 876 3107 tragoedisque
899 3029 1037 3106 seruisse,
1061 3046 1121 3104 quo
1144 3027 1199 3086 ha·

181 3126 246 3187 bito
270 3144 289 3184 a
311 3124 400 3184 Musa
423 3123 582 3184 abscedere
606 3125 782 3186 iuberentur
806 3117 1024 3206 (eso-413).

247 3223 350 3301 Atque
374 3222 468 3300 elegit
489 3221 567 3281 hanc
589 3223 719 3282 formam
742 3243 803 3302 qua
825 3224 982 3295 morderet>
998 3241 1071 3300 prae
1090 3224 1199 3284 ceteris

179 3321 375 3397 philosophos
397 3318 550 3378 Lucienus
573 3319 606 3377 in
627 3320 860 3399 Necyomantia,
887 3322 920 3379 in
942 3321 1030 3380 Veris
1053 3321 1198 3398 historiis,

179 3419 212 3476 in
233 3417 373 3495 Dialogis
395 3420 599 3494 mortuorum,
622 3418 803 3496 elegissem
825 3422 970 3494 promptu
992 3421 1040 3478 est
1062 3419 1198 3478 conicere

172 3515 214 3575 .in
236 3514 354 3594 Νεκυίᾳ
376 3514 552 3590 Menippum
580 3533 670 3591 quem
697 3514 755 3574 sibi
777 3515 929 3574 Lucienus
954 3516 1107 3590 exemplar
1128 3534 1199 3592 pro-
