2466 3832
498 86 630 178 ..π
676 151 716 160 ,.

101 297 162 338 non
182 279 416 338 Eratosthenem
443 278 579 354 appellat
607 270 714 359 (qnam
741 278 974 355 discrepantiam
997 280 1041 340 ita
1063 298 1116 356 po·

100 378 174 438 teris
187 379 312 454 solvere,
331 381 369 436 ut
381 375 614 435 Eratosthenem
628 375 836 454 Theophrasti,
856 377 942 437 cuius
958 377 1117 453 disciplina

101 493 175 534 usus
202 478 269 534 erat
291 474 378 550 Bion,
406 473 522 532 dictum
545 473 696 550 quoddam
719 475 801 551 quod
823 474 952 534 Athenis
974 476 1039 552 ipse
1062 493 1115 534 au-

101 572 228 632 divisset
250 589 412 647 usurpasse
436 564 572 652 censeas)
595 569 855 630 PsMetrodorus
878 562 924 651 (rt.
947 564 1117 647 αἰσθήσεων

102 669 158 727 col.
190 661 263 750 XV)
294 671 349 746 qui
380 669 460 728 inter
489 667 685 746 physicorum
715 665 903 728 adversarios
935 668 1117 727 mentionem

56 815 58 819 ,
101 766 177 826 facit
199 767 316 840 Βίωνος
340 769 395 829 τοῦ
418 759 492 827 κατὰ
518 759 711 844 Θεόφραστον
732 759 913 846 a[poi]rov¹)
937 764 1118 842 φιλοσοφίαν

102 857 241 937 ἀνθινοῖς
263 858 473 943 κοσμήσαντος.
517 868 626 925 notum
648 883 719 925 vero
743 856 823 945 ost’)
846 865 925 924 inter
947 860 1119 924 meretricia

100 966 279 1023 ornamenta
310 963 392 1041 apud
421 961 549 1022 Graecos
581 963 675 1022 fuisse
707 963 903 1022 versicolores
934 958 1047 1022 vestes:
1075 959 1118 1018 eis

99 1060 197 1137 igitur
216 1051 296 1120 'cum
327 1060 551 1137 philosophiam
584 1060 717 1120 induisse
750 1059 863 1119 dicitur
889 1059 980 1136 Bion,
1012 1057 1119 1118 acerbe

101 1155 332 1234 reprehenditur
359 1157 440 1235 quod
463 1159 646 1235 gravitatem
669 1159 845 1235 disciplinae
868 1158 986 1218 facetiis
1009 1155 1119 1215 scurri-

100 1253 180 1314 libus
207 1257 417 1332 protensisque
448 1261 478 1314 et
500 1257 625 1315 floribus
648 1256 874 1331 luminibusque
898 1273 914 1312 e
937 1272 1045 1313 scaena
1067 1273 1118 1328 pe·

99 1352 167 1410 titis
206 1358 239 1412 et
269 1352 453 1412 dictionibus
486 1352 643 1412 inurbanis
675 1351 827 1410 diminuit.
878 1355 970 1458 atque
1003 1349 1034 1406 in
1063 1349 1120 1407 hac

102 1448 224 1524 quidem
253 1449 484 1523 reprehensione
512 1466 544 1506 se
571 1448 723 1507 continuit
749 1447 909 1523 Diogenes,
941 1446 1028 1504 cuius
1055 1446 1120 1505 vita

101 1544 264 1602 maximam
282 1547 400 1619 partem
417 1544 540 1602 fluxite
560 1543 714 1619 scriptoris
733 1543 862 1602 alicuius
876 1543 966 1603 Bioni
982 1542 1120 1619 aequalis

101 1641 269 1700 sed-eidem
285 1639 474 1700 infestissimi
490 1640 596 1700 libello
608 1641 725 1701 famoso
739 1641 880 1719 quodam.
903 1641 1119 1700 Eratosthenes

101 1743 203 1798 tamen
236 1739 288 1815 qui
320 1738 447 1815 aequius
477 1738 632 1798 iudicabat
663 1731 789 1820 (idcirco
815 1740 885 1817 ipsa
913 1739 1072 1799 lacessitas
1099 1756 1119 1796 a

37 1904 40 1911 ¹
102 1836 252 1896 Strabone.
279 1855 389 1913 parum
416 1854 524 1913 aequo·
540 1828 654 1918 iudice)
681 1837 777 1897 nihilo
806 1838 900 1897 setius
927 1838 959 1896 in
985 1841 1050 1897 tam
1072 1837 1117 1896 in·

100 1935 192 1995 solito
215 1933 322 1994 habitu
347 1937 518 2012 ornatuque
536 1937 721 2012 agnoscebat
738 1941 769 1996 et
784 1929 965 1996 ‘mirabatur
983 1935 1119 2012 vigorem

101 2032 206 2091 Bionis
230 2049 264 2090 ac
284 2031 386 2108 robur,
405 2035 441 2090 ut
456 2032 543 2108 proci
559 2032 593 2089 in
611 2032 700 2091 Vlixe
720 2049 904 2108 quamquam
923 2049 993 2090 sene
1011 2031 1119 2105 pannis

101 2129 200 2188 obsito
238 2128 317 2189 vires
354 2146 390 2187 ac
426 2128 603 2186 firmitatem
638 2129 773 2204 corporis
805 2127 1017 2187 admirabundi
1050 2145 1118 2186 con-

82 2217 281 2302 ·spiciebant’
308 2216 378 2303 (Od.
403 2239 420 2282 σ
444 2226 485 2282 74
509 2221 577 2298 οἴην
600 2221 633 2282 ἐκ
654 2221 770 2302 ῥακέων
797 2217 814 2284 ὁ
841 2221 936 2303 γέρων
963 2224 1026 2283 scil.
1055 2220 1117 2283 ἔπι-

101 2319 227 2402 γουνίδα
250 2311 375 2400 φαίνει).
417 2319 632 2396 quaerentibus
660 2322 764 2380 autem
785 2319 871 2378 nobis
896 2337 973 2396 quae
996 2319 1119 2378 tandem

100 2420 215 2479 luerint
238 2419 293 2476 illa
314 2417 485 2476 meretricia
504 2421 680 2476 ornamenta
698 2415 892 2492 respondebit
909 2421 1029 2491 praeter
1046 2416 1118 2474 Dio-

101 2517 187 2595 genis
210 2520 377 2592 auctorem,
400 2514 488 2575 ouius
511 2513 604 2575 verba
627 2518 659 2574 et
680 2513 828 2590 adscripsi
850 2517 881 2573 et
899 2514 1118 2590 interpretatus

100 2633 176 2691 sum,
201 2615 288 2674 Telos
312 2613 366 2690 qui
387 2613 512 2672 unicum
533 2632 570 2672 ex
592 2615 641 2672 tot
662 2603 817 2692 scriptis³)
840 2612 945 2672 Bionis
968 2611 1117 2689 fragmen-

99 2717 167 2772 tum
199 2712 330 2789 emplius
362 2710 536 2788 posteritati
563 2711 709 2788 servavit,
742 2729 811 2769 cum
837 2711 902 2787 ipse
929 2729 990 2770 non
1019 2711 1117 2769 solum

99 2809 283 2870 confidenter
314 2810 367 2870 sed
399 2828 437 2868 ne
470 2828 540 2869 cum
570 2803 782 2887 intellegentie,
814 2806 935 2884 quidem
969 2807 1001 2866 in
1027 2825 1118 2867 usum

99 2925 189 2967 suum
207 2907 364 2969 convertit.
397 2908 428 2965 in
447 2907 583 2966 oratione
602 2906 682 2966 enim
700 2905 803 2964 ieiuna
817 2924 909 2982 quam
927 2902 994 2982 περὶ
1012 2898 1118 2981 adrep-

100 3005 180 3077 κείας
198 3005 319 3082 scripsit
337 2996 434 3085 (apud
452 3003 545 3080 Stob,
563 3006 627 3074 flor.
642 3003 670 3060 V
689 2995 756 3083 67),
775 3002 889 3061 utiam
907 2993 1117 3082 Welakerus⁴)

156 3177 197 3245 ·1)
216 3174 262 3228 lta
279 3173 355 3228 enim
373 3171 504 3227 lacunam
523 3170 690 3239 explendam
709 3185 770 3224 esse
784 3171 871 3237 patet,
891 3170 1022 3236 quamvis
1038 3171 1115 3226 Scot

100 3256 145 3308 tus
163 3252 296 3308 maluerit
313 3251 458 3324 n[oq]roi.

170 3337 198 3403 2)
218 3331 259 3391 cf.
278 3349 352 3388 nunc
376 3331 573 3395 Bluemnerus,
596 3345 637 3400 pr.
657 3329 862 3384 Privataltertb.
881 3346 909 3398 p.
931 3332 981 3383 189
1006 3329 1069 3385 adn.
1089 3337 1114 3386 4.

170 3412 257 3481 spot
276 3411 305 3469 L.
326 3412 359 3468 D.
378 3411 418 3466 IV
435 3416 469 3466 47
488 3414 604 3464 πλεῖστα
624 3406 808 3463 occultiores
821 3403 1025 3478 ὑπομνήματα.

170 3495 199 3563 4)
217 3493 252 3548 lcl.
271 3492 349 3548 Salar.
368 3493 394 3547 Il
413 3492 440 3546 S.
459 3496 512 3546 495
542 3487 624 3543 ‘Eine
643 3488 720 3544 Beda
740 3488 790 3542 der
807 3487 944 3554 Arnruth,
967 3491 1064 3544 uorin
1076 3492 1126 3540 s’m
