2466 3832
105 86 154 126 111.
171 85 183 124 1
497 94 538 103 -
587 57 650 121 193
697 93 738 102 -

174 243 270 284 coum.
307 222 399 282 Multi
431 221 529 280 aculei
560 221 658 280 latent
689 220 721 277 in
752 218 800 276 his
832 216 977 294 versibus,
1011 213 1122 295 quibus

106 323 265 400 aequalem
292 321 494 380 clarissimum
521 317 689 393 Stilponem
716 315 807 392 petiit
834 313 946 373 Crates.
991 313 1124 391 primum

106 412 337 494 11111111φωεύς
352 418 384 475 in
398 418 494 476 altero
508 433 598 476 versu
611 433 672 474 non
686 413 863 490 Typhonem
877 410 1028 488 significat
1041 414 1078 471 ut
1091 412 1123 468 111

109 516 246 592 exemplo
261 514 420 575 Homerico
435 515 488 573 sed
501 515 613 572 novata
628 531 646 570 a
661 510 781 570 Oratete
794 510 946 588 potestate
962 503 1125 567 ‘hominem

108 607 358 690 superbientem':
390 630 487 689 neque
521 610 623 669 obstat
655 609 736 685 quod
768 610 862 683 τῦφος
892 605 1024 682 priorem
1055 624 1124 681 pro·

109 713 232 771 ductam
264 710 368 786 babet,
400 728 471 767 nam
503 707 588 768 verbi
619 701 702 783 τύφω
734 705 821 765 radix
851 705 918 781 ipsa
950 701 1050 762 brevis
1079 705 1126 760 111

110 802 259 890 (τέθῠφα,
289 796 415 887 tripos)
446 808 477 865 et
504 805 541 864 ab
566 804 658 881 epicis
684 805 822 878 correpta
843 802 942 879 prima
964 799 1126 860 vorborum

112 899 265 982 Τυφωεύς,
291 898 425 981 Τνφᾶων
443 903 556 963 Atticis
579 901 758 979 producitur
776 899 808 958 in
829 901 939 973 Τνφῶς
959 900 988 956 11
1005 889 1126 972 Τυφών.

110 1004 180 1062 dein
199 1004 316 1081 reliqua
335 1002 436 1063 emula
455 1001 595 1079 ambigue
615 1003 686 1060 sunt
706 999 795 1057 dicta.
827 995 916 1054 nihili
934 995 1056 1073 quidem
1072 998 1127 1072 est,

111 1101 191 1179 quod
224 1100 406 1178 opinabatur
434 1099 566 1159 Orellius
598 1098 637 1157 ad
664 1096 792 1174 Hesyoh.
816 1095 911 1153 Miles,
934 1115 963 1171 p.
988 1096 1028 1154 52
1053 1094 1125 1153 Me·

109 1217 196 1276 gara
219 1198 324 1258 Attica
347 1199 473 1258 confusa
499 1216 562 1256 esse
586 1215 604 1255 a
627 1195 748 1255 Oratete
772 1213 841 1252 eum
863 1192 993 1270 Megaris
1014 1191 1125 1252 Siculis

111 1296 149 1353 ad
172 1294 303 1354 Aetnam
331 1296 410 1371 sitis,
443 1295 496 1353 sed
524 1314 587 1354 una
613 1312 650 1352 111
676 1295 764 1369 parte
791 1309 896 1351 revera
923 1290 1126 1367 intellegenda

109 1395 182 1451 sunt
206 1393 330 1469 Megara
352 1390 470 1466 Attica,
497 1391 552 1449 ubi
575 1390 695 1466 Stilpon
721 1389 880 1448 habitavit.
925 1391 993 1447 tum
1019 1405 1126 1448 versus

109 1489 239 1565 proximi
267 1491 315 1547 sat
341 1487 467 1564 probam
494 1491 525 1547 et
547 1488 713 1564 perfectam
735 1486 833 1546 obiter
855 1485 1028 1561 inspicienti
1049 1486 1126 1544 hane

109 1585 256 1661 praebent
279 1585 470 1644 sententiam:
494 1578 627 1661 ‘Stilpon
650 1585 774 1662 eIusque
797 1585 928 1642 asseclae
952 1583 988 1642 de
1009 1583 1123 1643 virtute

110 1701 143 1740 11
171 1682 237 1758 ipsa
264 1684 403 1760 neglecta
425 1682 517 1742 verbo
540 1687 629 1742 tenus
654 1674 898 1758 disputaverrmt’
923 1672 973 1761 (of.
997 1680 1125 1740 Luciani

112 1779 295 1858 κατατρίβειν
316 1773 348 1841 τὸ
371 1783 422 1859 τῆς
443 1773 547 1858 ἀρετῆς
566 1771 688 1861 ὅνορια);
713 1798 772 1856 quo
795 1778 923 1854 probato
945 1772 1062 1837 διώκειν
1081 1782 1127 1838 111

112 1870 290 1954 ‘exponere’.
327 1882 419 1956 atque
438 1899 544 1940 verum
563 1881 608 1937 est
623 1877 791 1953 Stilponem
810 1877 902 1934 etiam
916 1876 1022 1936 ethicis
1037 1876 1127 1935 rebus

112 1993 235 2050 operam
257 1994 384 2036 navasse
409 1968 459 2057 (cf.
483 1977 593 2052 Senec,
619 1977 703 2052 epist.
727 1974 920 2051 mor.19‚1
944 1977 975 2033 et
994 1966 1037 2054 3).
1076 1974 1128 2033 sed

112 2072 246 2129 nondum
264 2072 386 2149 dispicis
404 2091 458 2130 our
472 2072 592 2148 Stilpon
606 2072 750 2149 gravibus
764 2071 919 2132 doloribus
934 2072 1066 2132 afflictus
1081 2072 1130 2150 sit,

113 2187 167 2226 eur
190 2168 254 2226 eius
278 2161 361 2227 εὐναὶ
385 2170 667 2228 commemorentur:
692 2170 773 2246 quod
791 2169 892 2247 ipsum
908 2169 1027 2246 patebit
1044 2173 1129 2247 pate·

112 2266 202 2324 factis
231 2265 384 2324 obscaenis
412 2266 530 2325 facetiis
560 2286 637 2344 quae
665 2267 769 2338 insunt
796 2267 828 2324 in
851 2287 878 2326 v.
903 2268 932 2324 4.
977 2285 1048 2324 nam
1074 2259 1129 2342 τὴν

113 2357 220 2442 ἀρετὴν
238 2357 319 2440 παρὰ
337 2358 455 2444 γράμμα
473 2363 573 2424 verbis
588 2364 777 2442 significatur
789 2383 894 2425 vocem
908 2356 1014 2441 ἀρετὴν
1029 2363 1129 2422 detor-

114 2460 264 2538 quendam
292 2480 356 2521 esse
385 2481 420 2520 ex
446 2462 563 2522 ratione
591 2455 837 2543 παραγριὶμματος
862 2460 1014 2520 notissimi
1037 2479 1129 2520 anno-

114 2558 288 2618 minationis
325 2560 442 2638 generis
481 2551 635 2640 (similiter
671 2560 746 2620 lusit
779 2559 885 2618 iisdem
917 2559 1016 2619 verbis
1047 2551 1129 2636 παρὰ

113 2649 232 2734 γράμμα
246 2658 401 2734 usurpatis
415 2657 584 2717 Numenius
601 2658 683 2717 anth.
697 2658 761 2716 Pal.
772 2657 831 2717 XII
846 2649 912 2738 28).
937 2677 997 2735 qua
1011 2657 1128 2716 ratione

115 2753 140 2812 si
160 2746 266 2832 ἀρετὴν
284 2755 419 2833 verteris,
439 2756 547 2815 evadet
566 2748 672 2832 ἓτᾶρην
691 2749 854 2814 ‘meretrix'
874 2746 926 2835 (cf.
936 2755 1045 2815 Athen.
1056 2755 1131 2814 XIII

114 2871 142 2927 p.
164 2853 241 2910 571ο
259 2852 313 2910 ubi
326 2853 493 2912 Meinekius
513 2856 596 2912 certa
614 2851 821 2912 emendatione
840 2849 951 2929 ἕταρῶν
968 2842 1133 2930 restituit).

114 2949 192 3006 hanc
210 2948 307 3026 igitur
320 2943 476 3021 διώκοντες
489 2946 658 3028 κατέτριβον
673 2949 821 3025 Stilponei
834 2952 954 3007 mutata
967 2948 1129 3008 verborum

115 3045 344 3123 significatione,
367 3065 439 3104 nam
462 3040 606 3106 διώκειν
629 3065 708 3105 nunc
730 3051 775 3105 est
795 3039 954 3122 ‘equitare’
974 3048 1005 3104 et
1023 3066 1131 3103 κατα-

113 3143 252 3222 τρίβειν
277 3144 308 3202 in
331 3142 421 3203 rebus
445 3143 599 3203 obscaenis
623 3144 768 3202 sollemne
793 3147 838 3202 est
862 3134 913 3224 (cf.
937 3143 1047 3201 Pollux
1070 3140 1131 3201 VII

116 3243 156 3301 39
184 3233 204 3318 ἡ
228 3238 470 3320 κατατετριμμένη
494 3234 618 3322 ἓταίρα);
648 3241 710 3299 iam
738 3240 830 3300 etiam
857 3233 945 3300 εὐναί
971 3243 1001 3300 11
1028 3232 1129 3318 χαλέπ’

114 3331 203 3415 ἄλγεα
240 3340 542 3417 comprehenduntur.
596 3338 811 3416 comprobatur
846 3358 916 3399 vero
954 3338 1028 3397 haee
1066 3356 1132 3396 sen·

114 3436 212 3519 tentia
240 3456 288 3516 *eo
326 3439 407 3515 quod
444 3438 613 3514 Stilponem
648 3436 846 3497 mulierosum
880 3437 974 3497 fuisse
1012 3439 1133 3495 constat

170 3542 277 3591 Corpuso.
292 3546 323 3586 11.
885 3543 926 3588 Yb

920 3748 1232 3818 s
