2466 3832
527 192 569 200 -
619 157 748 258 10...

130 326 232 383 terum
260 320 430 398 Hesychius
460 319 597 379 Milesius
630 320 712 398 apud
745 320 892 380 Suidam
918 340 946 381 v.
977 319 1084 397 Τίμων
1110 321 1147 380 de

131 419 305 497 philosophi
332 418 396 480 vita
423 419 514 495 plane
540 417 617 477 nihil
639 418 770 494 protulit
791 419 845 478 sed
867 418 941 477 satis
964 417 1073 478 habuit
1096 419 1148 477 sil-

133 519 233 578 lorum
255 517 349 577 libros
371 520 434 577 tres
458 533 714 576 commemorasse.

198 615 299 675 Natus
331 618 378 675 eat
406 613 514 673 Timon
540 613 685 675 Phliunte
713 604 765 694 (cf.
789 612 822 673 L.
846 613 883 673 D.
908 616 986 691 1093
1013 613 1096 673 Suid.
1119 634 1147 673 v.

135 710 249 790 Τίμωνς
284 711 387 788 Steph.
410 711 481 788 Byr.
505 731 533 772 v.
558 712 683 786 Φλιοῦς,
705 703 761 792 al.)
787 714 874 786 patre
903 711 1062 772 Timarcho
1096 702 1148 791 (cf.

133 809 166 869 L.
190 809 227 869 D.
249 811 269 870 l.
293 800 340 890 a).
383 827 507 885 corpore
533 808 595 871 fuit
625 809 783 887 praeditus
810 811 875 869 tam
902 809 1004 869 valido
1032 811 1068 869 ut
1095 827 1150 885 per

132 907 299 984 nonaginta
322 925 416 967 annos
438 907 556 967 vireret
579 897 632 986 (cf.
650 906 684 966 L.
703 905 739 964 D.
755 897 857 986 ,112);1
873 905 906 965 id
928 925 1024 965 unum
1046 908 1150 965 tamen

132 1004 232 1065 minus
256 1004 331 1063 bene
355 1003 384 1062 ei
407 1003 517 1063 accidit
540 1003 622 1079 quod
648 1002 798 1075 unoculus
827 995 938 1084 eracl),
966 1021 1059 1079 quam
1085 1021 1151 1061 rem

135 1171 307 1225 quamquam
321 1154 390 1210 satia
404 1154 499 1222 inepte
513 1143 649 1211 transitus
663 1153 838 1223 significatur
851 1153 957 1227 pariter
971 1157 1056 1223 atque
1065 1153 1105 1207 lX
1115 1159 1149 1208 68
1166 1216 1169 1222 ¹

134 1230 328 1297 Ποσειδώνιος
346 1232 379 1288 δὲ
396 1231 447 1288 καὶ
464 1228 604 1288 τοιοῦτό
623 1252 655 1287 τι
679 1229 795 1301 διέξεισι
817 1232 884 1302 περὶ
902 1231 1005 1301 αὐτοῦ,
1026 1232 1078 1286 VH
1098 1237 1149 1288 18ss

134 1309 150 1367 ὁ
175 1308 211 1383 δὴ
236 1313 393 1382 φιλόσοφος
420 1310 470 1367 καὶ
497 1309 678 1374 τοιούτους
704 1310 784 1377 crode
804 1309 900 1382 ἠρώτα
927 1310 1040 1382 λόγους,
1069 1312 1151 1370 alius.

18 1395 23 1404 ’
62 1391 65 1398 ’
134 1393 218 1461 atque
245 1392 309 1453 iona
336 1409 425 1448 novus
453 1393 490 1448 sd
517 1409 601 1463 quem
629 1391 844 1451 describendum
871 1392 975 1451 transit
1000 1393 1152 1462 Diogenes,

134 1471 293 1532 necessario
311 1473 396 1530 duas
415 1471 562 1529 minimum
580 1471 762 1547 amplectitur
774 1473 1008 1542 narratiunculas,
1027 1473 1151 1549 priorem

135 1569 207 1622 quae
220 1553 323 1629 incipit
336 1570 353 1608 a
366 1553 461 1609 verbis
475 1549 547 1622 πρὸς
562 1543 623 1607 οὖν
642 1548 692 1609 τὸν
706 1549 930 1623 θαυμαζόμενον
945 1558 1011 1623 att,
1030 1552 1151 1608 alteram

136 1633 264 1689 sverbis
284 1630 439 1703 ἐρωτηθεὶς
457 1630 490 1687 δέ
509 1650 577 1688 ποτε
596 1629 760 1687 incohatam
779 1633 809 1687 et
827 1633 864 1687 ad
878 1631 1054 1689 Arcesilaum
1072 1647 1150 1702 spec·
1228 1652 1231 1657 ·

134 1714 252 1768 tantem.
289 1728 379 1780 neque
398 1713 442 1766 est
460 1728 510 1766 our
528 1710 659 1766 ultimum
681 1711 871 1780 enuntiatum,
896 1713 971 1781 quod
990 1715 1066 1767 arcte
1086 1728 1149 1765 cum

136 1792 318 1850 antecedente
338 1791 470 1848 cohaeret
486 1807 578 1859 neque
596 1791 689 1847 minus
708 1792 745 1845 ad
757 1790 932 1851 Arcesilaum
951 1792 1083 1867 pertinet,
1103 1791 1151 1845 ab·

136 1871 303 1929 enodamus.
340 1874 411 1928 haec
438 1871 527 1943 igitur
552 1887 586 1929 os
608 1869 699 1930 altero
726 1869 806 1932 fonte
833 1871 925 1941 petita
952 1871 1151 1940 supplementa

135 1953 195 2006 tam
219 1953 363 2022 egregiam
390 1953 504 2007 illorum
527 1954 683 2020 temporum
709 1952 739 2005 et
760 1950 906 2005 hominum
930 1951 1061 2004 notitiam
1083 1965 1151 2021 prae

136 2046 165 2084 se
184 2031 326 2086 ferentin
346 2029 535 2086 describendis
553 2030 717 2095 Dioscoride
736 2031 910 2098 Pyrrhoneo,
928 2029 1085 2096 Arcesilae,
1104 2027 1149 2081 Ti·
1183 2050 1189 2061 ·

90 2144 96 2156 ·
136 2127 219 2166 mone
242 2127 275 2166 ex
294 2112 428 2167 Thebano
451 2110 552 2169 itinere
574 2111 678 2165 reduce
702 2111 731 2166 et
752 2111 783 2169 in
800 2109 927 2167 Timonis
951 2108 1049 2164 libello
1068 2109 1150 2163 raris-

137 2190 209 2248 simo
230 2190 382 2260 laudando,
400 2192 432 2247 ut
449 2189 574 2249 nesciam
592 2190 629 2245 ad
648 2207 731 2259 quem
749 2189 923 2260 probabilius
942 2204 1028 2258 quam
1046 2188 1083 2243 ad
1102 2188 1151 2243 So·

18 2333 20 2337 ,
136 2271 243 2333 tionem
274 2272 441 2329 revocentur
472 2274 551 2341 (narn
577 2269 839 2341 Antigonum‘iem
866 2272 950 2325 antea
979 2268 1153 2339 expilaverat

137 2352 302 2423 Diogenes),
325 2348 491 2422 praesertim
514 2366 578 2407 cum
597 2348 708 2405 Sotioni
725 2348 918 2407 Dioscuridem
941 2351 1052 2405 notum·
1065 2348 1152 2404 foisse

137 2435 167 2487 et
184 2432 214 2486 in
233 2433 419 2502 scepticorum
434 2429 608 2485 successione
623 2428 780 2491 exhibitum
795 2431 981 2493 essecomtet
994 2429 1042 2499 (cf.
1052 2433 1068 2494 5
1080 2428 1151 2497 115).

138 2512 256 2581 secedit,
276 2512 352 2581 quod
370 2511 399 2567 in
418 2511 506 2565 talem
524 2509 700 2577 memoriam,
726 2509 756 2565 in
775 2509 888 2578 qualern
905 2525 981 2566 nunc
998 2507 1153 2583 (egregie

137 2611 167 2650 rr
194 2589 348 2661 ἐπιλέγειν.
369 2586 469 2647 εἰώθει
499 2603 612 2645 versum
640 2589 780 2655 quendam
807 2587 1037 2659 proverbialem),
1070 2603 1155 2658 saepe

137 2668 275 2739 Antigoni
297 2670 428 2737 excerpta
451 2667 558 2727 exeunt
573 2664 649 2734 apud
667 2666 837 2737 Diogenemr
861 2667 894 2723 cf.
915 2667 955 2722 IX
974 2674 1008 2724 67
1027 2665 1177 2738 (συνεχὲς,

137 2747 226 2820 λέγων
253 2747 405 2806 Homerica
431 2745 607 2815 quaedam,
629 2745 682 2801 VH
705 2752 738 2802 21
768 2743 895 2815 (συνεχές
920 2765 950 2801 τε
979 2745 1153 2815 προεφέρετο

138 2828 305 2900 Euripideoe
324 2828 443 2896 versus),
465 2857 499 2867 -
528 2827 652 2883 ceterum
670 2826 905 2883 Wilamowitaius
924 2829 954 2882 et
972 2827 1002 2882 in
1019 2828 1096 2894 epist.
1115 2827 1154 2880 ad

139 2910 285 2965 Moesiam
302 2927 328 2977 p.
352 2912 403 2962 154
422 2907 452 2962 et
469 2908 601 2978 Actipoc.
621 2926 647 2978 p.
668 2913 701 2962 32
721 2908 750 2963 et
767 2913 819 2962 321
843 2908 915 2963 haec
936 2907 1031 2962 omnia
1054 2922 1113 2961 non
1135 2921 1155 2961 a

138 2991 264 3060 Diogene
288 2989 339 3044 aed
357 3005 375 3044 a
393 2988 518 3057 scaptico
536 2987 632 3046 neseio
656 3004 712 3057 quo
736 2988 894 3058 composita
916 3004 977 3044 esse
998 2985 1152 3054 contendit,

139 3088 155 3128 e
173 3069 252 3126 cuius
274 3069 348 3127 libro
372 3070 474 3123 cuncta
496 3067 545 3124 ille
564 3070 593 3125 et
610 3066 796 3140 biographica
814 3069 843 3129 et
861 3065 1071 3136 doxographica
1088 3066 1153 3120 sim-

139 3151 253 3222 pliciter
270 3148 462 3218 descripseritr
482 3147 562 3205 cuius
581 3149 722 3219 opinionis
736 3149 844 3205 nullum
858 3147 1001 3218 prolatum
1015 3146 1057 3200 est
1071 3161 1153 3214 argu·

139 3232 265 3288 mentum
283 3229 339 3287 nisi
357 3246 443 3286 unum
462 3228 538 3297 quod
556 3228 628 3284 nihil
645 3230 739 3286 valere
757 3230 830 3285 infra
846 3226 1000 3294 ostendam,
1019 3225 1153 3280 haustum

138 3310 212 3369 illud
230 3329 265 3368 ex
283 3309 377 3366 verbis
398 3315 450 3364 109
468 3305 484 3364 ὁ
503 3303 573 3376 παρ’
593 3305 694 3379 ἡμῶν.
896 3294 912 3331 ⁴

105 3442 115 3457 J.
212 3393 238 3461 1)
254 3388 487 3447 Wilamowitzius
497 3407 523 3458 p
535 3394 568 3444 31
583 3389 656 3444 hanc
669 3388 833 3444 memoriam
846 3403 902 3443 non
916 3385 1007 3440 solum
1018 3400 1053 3438 ex
1067 3383 1155 3453 ipsius

140 3471 274 3542 Diogenis
297 3469 425 3526 doctrina
443 3472 469 3540 (ς
489 3472 551 3538 112)
570 3468 696 3524 additam
720 3469 769 3522 sed
792 3466 838 3522 vel
857 3465 893 3519 ab
913 3464 1019 3534 optimo
1039 3465 1154 3519 auctore

140 3556 167 3624 (5
187 3558 252 3621 1143
271 3571 297 3607 v.
317 3552 411 3622 supra)
438 3550 633 3607 confirmatam
655 3549 759 3603 frustis
780 3546 810 3601 in
828 3545 1013 3615 suspicionem
1031 3543 1155 3600 vocavit.
