2466 3832
524 190 566 200 -
616 154 678 220 106
726 193 768 201 -
1029 180 1158 224 rmoms

136 318 251 379 mentio
274 319 356 378 facta
380 322 427 378 est
448 319 538 396 plane
562 320 730 378 necessaria
754 311 880 400 (ineptit
909 321 990 380 onim
1013 321 1156 383 Ktthnius

138 417 191 494 qui
209 414 305 494 ἔρρειν
324 433 388 476 esse
407 411 573 477 ‘vetustate
595 411 759 494 corrumpi’
782 410 906 500 voluit).
939 418 1015 477 mihi
1032 419 1157 481 videtur

136 513 168 572 in
191 507 294 592 μιαρὸς
322 514 494 591 corruptela
521 514 631 591 latere,
661 514 799 590 postulat
826 516 907 574 enim
931 548 973 557 —
997 516 1058 575 nisi
1085 536 1155 596 gra·

136 611 205 672 vius
234 612 312 670 latet
334 610 476 670 mendum
499 643 541 652 —
570 603 626 670 ίίον
653 611 805 671 adiectum
837 613 965 675 verbum
993 613 1155 692 quoddam,

138 727 199 786 quo
223 710 394 769 accuratius
418 707 581 767 definiatur
602 708 744 768 movendi
767 710 859 787 ratio;
883 707 978 789 ἔρρειν
996 730 1068 773 vero
1087 712 1156 772 voci

138 825 215 884 quae
248 807 328 866 inest
360 805 544 884 aliquotiens
571 805 604 863 in
631 803 785 863 Homerici
812 806 995 867 carminibus
1022 807 1156 886 vagandi

135 904 220 964 notio
250 922 311 963 non
338 901 578 978 improbabiliter
607 900 656 960 hio
684 901 870 962 adsciscitur.
912 905 1016 982 itaque
1040 905 1156 964 conieci

138 993 261 1080 μακρόσ’
287 993 355 1059 lois:
384 1016 568 1077 quamquam
596 999 676 1057 enim
699 993 826 1077 μακρόσε
853 1001 929 1060 alias
956 1020 1018 1060 non
1040 1003 1155 1080 legitur

136 1097 190 1158 sed
213 1099 312 1157 solum
335 1091 501 1175 μακρόθεν,
529 1099 632 1157 tamen
654 1100 691 1157 ut
713 1089 833 1176 ι’φχόσε,
860 1091 963 1175 τηλόσε
988 1098 1050 1158 alia
1072 1102 1154 1159 recte

137 1194 310 1255 formatum.
353 1213 412 1271 quo
435 1193 564 1270 probato
588 1197 696 1271 sponte
719 1197 806 1271 patet
829 1213 898 1254 cum
920 1194 1060 1255 Dobraeo
1084 1217 1113 1256 τ.
1133 1199 1151 1256 2

135 1285 231 1364 αὕτως
254 1292 465 1371 corrigendum
486 1309 550 1350 esse
574 1293 611 1350 ut
629 1291 740 1352 evadat
761 1293 836 1351 haec
860 1291 1024 1352 sententia:
1049 1286 1153 1371 ‘vaga-

134 1392 187 1451 tur
209 1392 323 1451 frustra
346 1391 436 1468 longe
459 1390 582 1467 lateque
605 1389 724 1466 agitata
746 1407 849 1467 nassa,
874 1408 934 1467 qua
958 1408 1034 1449 anus
1056 1389 1152 1452 Phoe-

134 1488 216 1548 nissa
236 1489 337 1548 omnia
355 1490 478 1564 captare
498 1488 601 1547 studet
618 1487 695 1545 nibil
714 1481 806 1564 oapit’
829 1488 903 1547 satis
928 1490 1000 1564 apta
1023 1491 1061 1549 ut
1078 1489 1153 1548 mibi

135 1585 258 1646 videtur
284 1586 340 1644 hoo
368 1586 445 1646 loco.
484 1585 538 1644 sed
564 1584 691 1643 meliora
714 1585 741 1643 si
764 1585 832 1663 quis
860 1584 980 1645 docebit
1006 1585 1151 1646 laetabor.

200 1683 357 1743 Postremo
380 1683 417 1741 de
441 1700 513 1744 voce
538 1674 735 1763 (σ)αινὸαψός
757 1682 794 1742 of.
815 1682 895 1743 Sext.
920 1683 986 1744 adv.
1010 1684 1151 1745 matham

134 1779 210 1838 VIII
231 1781 307 1855 1333
331 1779 422 1839 schol.
445 1778 569 1855 Dionys.
594 1780 700 1838 Thrac.
723 1800 752 1856 p.
776 1783 849 1857 677,
868 1782 886 1840 8
911 1779 1019 1858 Bekis,
1042 1781 1151 1841 Paros-

134 1875 240 1952 miogr.
261 1874 343 1935 Gott.
363 1875 379 1934 I
396 1896 426 1952 p.
445 1877 508 1936 387
534 1894 604 1934 eum
626 1876 703 1953 adn,
728 1876 850 1953 Syriani
873 1896 978 1937 comm.
1002 1878 1034 1936 in
1057 1876 1150 1938 Arist.

135 1972 266 2050 Metaph.
281 1995 311 2051 p.
326 1965 407 2034 880b
423 1974 464 2033 33
489 1963 573 2054 (vide
591 1972 715 2050 Nagelii
737 1974 807 2034 diss.
831 1974 867 2034 de
890 1975 998 2051 blityri
1021 1978 1052 2034 et
1074 1975 1150 2034 scin·

134 2069 236 2147 dapso.
269 2070 400 2131 Altdorf.
420 2062 529 2152 1772).
563 2071 745 2130 sententiam
767 2075 849 2131 recte
872 2073 1094 2148 interpretatur
1112 2072 1150 2132 Is.

135 2164 345 2229 Oasaubonus:
371 2162 439 2228 ‘hoo
463 2187 534 2246 ergo
558 2169 658 2229 voluit
681 2168 801 2247 Timon,
827 2170 977 2229 Zenonem
999 2169 1151 2233 hominem

134 2264 228 2325 fuisse
250 2268 409 2344 loquacem
427 2269 459 2326 et
477 2265 564 2326 cuius
582 2265 676 2327 verba
694 2266 801 2327 darent
819 2267 883 2327 sine
902 2271 1003 2327 mente
1023 2260 1150 2326 sonum'.

595 2514 688 2574 VIHI

178 2629 215 2695 ἓν
239 2629 277 2695 db
299 2626 337 2696 τὸ
360 2629 553 2716 θαρσαλέον
575 2630 689 2698 τεκαὶ
711 2629 848 2717 ἐμμενὲς
872 2627 961 2719 ὅππῃ
986 2627 1128 2718 ὀρούσαι

178 2731 308 2820 φαίνετ’
326 2731 535 2821 Ἀναξάρχου
557 2734 681 2804 κύνεον
704 2736 818 2822 μένος·
842 2734 879 2816 ὅς
903 2739 945 2824 ῥα
967 2737 1023 2805 καί
1041 2736 1149 2822 aldeis,

178 2834 224 2918 ils
243 2838 373 2926 φάσαν,
397 2837 517 2920 ἄθλιος
538 2845 627 2927 ἔσκε,
651 2840 753 2928 φύσις
772 2842 813 2910 δέ
828 2869 887 2929 μιν
905 2848 1046 2930 ἔμπαλιν
1068 2835 1151 2930 ἦγεν

177 2942 385 3033 ἡδονοπλήξ,
408 2941 453 3032 ἢν
475 2954 624 3015 πλεῖστοι
646 2944 863 3035 ὑποτρείουσι
887 2955 1052 3036 σοφισταί.

426 3115 548 3157 nouum
570 3116 709 3158 DETORTI
730 3114 847 3159 VERSVS

132 3213 162 3269 in
179 3233 207 3270 v.
227 3220 250 3270 1.
271 3219 300 3268 2:
322 3216 352 3267 Ψ
369 3219 421 3269 837
441 3207 477 3268 ἂν
497 3213 529 3269 ol
544 3215 686 3283 Λεοντῆος
704 3210 843 3285 κρατερὸν
862 3211 947 3284 μένος
964 3209 1113 3270 ἀντιθέοιο

131 3301 162 3356 in
180 3321 206 3357 v.
227 3309 255 3357 2:
275 3305 301 3356 Δ
320 3305 371 3356 278
391 3310 421 3356 et
440 3305 471 3356 Ψ
488 3308 540 3358 375
559 3296 673 3373 φαίνετ’
694 3300 805 3373 (eadem
823 3318 917 3359 versus
936 3303 1013 3372 sede)

272 3393 305 3444 N
321 3395 373 3446 665
392 3383 424 3453 ὅς
442 3385 469 3460 ὅ’
491 3381 523 3445 εὖ
542 3388 624 3455 alode
642 3394 699 3445 ατί..

199 3540 285 3582 nnsn.
321 3522 546 3583 Plutarchus
574 3521 610 3583 de
640 3521 754 3583 virtute
781 3521 890 3581 morali
918 3539 942 3581 c.
968 3526 986 3584 6
1010 3545 1039 3602 p.
1063 3518 1151 3585 446Β
