<?xml version="1.0" encoding="UTF-8"?>
<!DOCTYPE html PUBLIC "-//W3C//DTD XHTML 1.0 Transitional//EN"
    "http://www.w3.org/TR/xhtml1/DTD/xhtml1-transitional.dtd">
<html xmlns="http://www.w3.org/1999/xhtml" xml:lang="en" lang="en">
 <head>
  <title>
</title>
<meta http-equiv="Content-Type" content="text/html;charset=utf-8" />
  <meta name='ocr-system' content='tesseract 3.04.00' />
  <meta name='ocr-capabilities' content='ocr_page ocr_carea ocr_par ocr_line ocrx_word'/>
</head>
<body>
  <div class='ocr_page' id='page_1' title='image "./sillographorvmg00timogoog_0161.png"; bbox 0 0 2466 3832; ppageno 0'>
   <div class='ocr_carea' id='block_1_1' title="bbox 491 132 1191 199">
    <p class='ocr_par' dir='ltr' id='par_1_1' title="bbox 491 132 1191 199">
     <span class='ocr_line' id='line_1_1' title="bbox 491 132 1191 199; baseline -0.004 -1"><span class='ocrx_word' id='word_1_1' title='bbox 491 169 533 179; x_wconf 95' lang='lat'>-</span> <span class='ocrx_word' id='word_1_2' title='bbox 582 132 645 198; x_wconf 84' lang='lat'><strong>156</strong></span> <span class='ocrx_word' id='word_1_3' title='bbox 691 169 733 177; x_wconf 97' lang='lat'>—</span> <span class='ocrx_word' id='word_1_4' title='bbox 993 153 1123 199; x_wconf 74' lang='lat' dir='ltr'><strong>umoris</strong></span> <span class='ocrx_word' id='word_1_5' title='bbox 1189 190 1191 195; x_wconf 81' lang='grc'>,</span> 
     </span>
    </p>
   </div>
   <div class='ocr_carea' id='block_1_2' title="bbox 104 296 1125 1740">
    <p class='ocr_par' dir='ltr' id='par_1_2' title="bbox 104 296 1125 1740">
     <span class='ocr_line' id='line_1_2' title="bbox 105 296 1121 377; baseline -0.003 -18"><span class='ocrx_word' id='word_1_6' title='bbox 105 319 195 377; x_wconf 90' lang='lat' dir='ltr'><strong>quem</strong></span> <span class='ocrx_word' id='word_1_7' title='bbox 223 299 394 359; x_wconf 76' lang='lat' dir='ltr'><strong>accuratius</strong></span> <span class='ocrx_word' id='word_1_8' title='bbox 423 296 653 358; x_wconf 85' lang='lat' dir='ltr'><strong>describendum</strong></span> <span class='ocrx_word' id='word_1_9' title='bbox 676 296 777 356; x_wconf 73' lang='lat' dir='ltr'><strong>ulitur</strong></span> <span class='ocrx_word' id='word_1_10' title='bbox 799 299 830 356; x_wconf 81' lang='lat' dir='ltr'><strong>ei</strong></span> <span class='ocrx_word' id='word_1_11' title='bbox 851 296 1040 372; x_wconf 79' lang='lat' dir='ltr'><strong>proverbiali</strong></span> <span class='ocrx_word' id='word_1_12' title='bbox 1063 296 1121 356; x_wconf 85' lang='lat' dir='ltr'><strong>‹lic-</strong></span> 
     </span>
     <span class='ocr_line' id='line_1_3' title="bbox 104 386 1123 475; baseline -0.003 -19"><span class='ocrx_word' id='word_1_13' title='bbox 104 397 187 456; x_wconf 79' lang='lat' dir='ltr'><strong>iione</strong></span> <span class='ocrx_word' id='word_1_14' title='bbox 204 389 356 473; x_wconf 82' lang='grc' dir='ltr'><strong><em>Ἑλλήνων</em></strong></span> <span class='ocrx_word' id='word_1_15' title='bbox 378 388 398 475; x_wconf 78' lang='grc' dir='ltr'><em>ἡ</em></span> <span class='ocrx_word' id='word_1_16' title='bbox 421 397 503 455; x_wconf 82' lang='grc' dir='ltr'><strong><em>πᾶσα</em></strong></span> <span class='ocrx_word' id='word_1_17' title='bbox 526 387 605 466; x_wconf 75' lang='grc' dir='ltr'><strong><em>όιζός</em></strong></span> <span class='ocrx_word' id='word_1_18' title='bbox 629 386 718 474; x_wconf 83' lang='lat' dir='ltr'><strong>(hoec</strong></span> <span class='ocrx_word' id='word_1_19' title='bbox 742 393 822 452; x_wconf 90' lang='lat' dir='ltr'><strong>enim</strong></span> <span class='ocrx_word' id='word_1_20' title='bbox 847 392 940 453; x_wconf 83' lang='lat' dir='ltr'><strong>verbs</strong></span> <span class='ocrx_word' id='word_1_21' title='bbox 963 393 1027 453; x_wconf 86' lang='lat' dir='ltr'><strong>iam</strong></span> <span class='ocrx_word' id='word_1_22' title='bbox 1046 394 1123 453; x_wconf 78' lang='lat' dir='ltr'><strong>unii·</strong></span> 
     </span>
     <span class='ocr_line' id='line_1_4' title="bbox 105 490 1123 572; baseline -0.003 -19"><span class='ocrx_word' id='word_1_23' title='bbox 105 493 258 571; x_wconf 88' lang='lat' dir='ltr'><strong>quissimis</strong></span> <span class='ocrx_word' id='word_1_24' title='bbox 290 494 477 572; x_wconf 73' lang='lat' dir='ltr'><strong>temporibus</strong></span> <span class='ocrx_word' id='word_1_25' title='bbox 509 493 541 550; x_wconf 92' lang='lat' dir='ltr'><strong>in</strong></span> <span class='ocrx_word' id='word_1_26' title='bbox 572 491 766 569; x_wconf 87' lang='lat' dir='ltr'><strong>proverbium</strong></span> <span class='ocrx_word' id='word_1_27' title='bbox 794 490 903 550; x_wconf 86' lang='lat' dir='ltr'><strong>abiisse</strong></span> <span class='ocrx_word' id='word_1_28' title='bbox 932 490 1123 552; x_wconf 73' lang='lat' dir='ltr'><strong>demonsiret</strong></span> 
     </span>
     <span class='ocr_line' id='line_1_5' title="bbox 104 580 1123 668; baseline -0.001 -19"><span class='ocrx_word' id='word_1_29' title='bbox 104 592 136 650; x_wconf 90' lang='lat' dir='ltr'><strong>ni</strong></span> <span class='ocrx_word' id='word_1_30' title='bbox 163 593 254 652; x_wconf 78' lang='lat' dir='ltr'><strong>fallor</strong></span> <span class='ocrx_word' id='word_1_31' title='bbox 280 591 456 652; x_wconf 76' lang='lat' dir='ltr'><strong>Archilochi</strong></span> <span class='ocrx_word' id='word_1_32' title='bbox 487 607 592 651; x_wconf 81' lang='lat' dir='ltr'><strong>versus</strong></span> <span class='ocrx_word' id='word_1_33' title='bbox 621 589 678 666; x_wconf 78' lang='lat'><strong>[52</strong></span> <span class='ocrx_word' id='word_1_34' title='bbox 701 586 826 666; x_wconf 79' lang='lat' dir='ltr'><strong>Bergk]</strong></span> <span class='ocrx_word' id='word_1_35' title='bbox 855 580 896 661; x_wconf 80' lang='grc' dir='ltr'><strong>ὡς</strong></span> <span class='ocrx_word' id='word_1_36' title='bbox 918 582 1123 668; x_wconf 78' lang='grc' dir='ltr'><strong><em>Πανελλήνων</em></strong></span> 
     </span>
     <span class='ocr_line' id='line_1_6' title="bbox 104 678 1123 769; baseline -0.004 -21"><span class='ocrx_word' id='word_1_37' title='bbox 104 681 185 763; x_wconf 81' lang='grc' dir='ltr'><strong><em>όϊζδς</em></strong></span> <span class='ocrx_word' id='word_1_38' title='bbox 208 686 238 762; x_wconf 77' lang='grc' dir='ltr'><strong>ἐς</strong></span> <span class='ocrx_word' id='word_1_39' title='bbox 263 684 365 750; x_wconf 88' lang='grc' dir='ltr'><strong><em>Θάσον</em></strong></span> <span class='ocrx_word' id='word_1_40' title='bbox 387 678 586 769; x_wconf 77' lang='grc' dir='ltr'><strong><em>συνέδραμεν)</em></strong></span> <span class='ocrx_word' id='word_1_41' title='bbox 614 692 646 747; x_wconf 80' lang='lat' dir='ltr'><strong>et</strong></span> <span class='ocrx_word' id='word_1_42' title='bbox 668 686 804 762; x_wconf 83' lang='lat' dir='ltr'><strong>exemplo</strong></span> <span class='ocrx_word' id='word_1_43' title='bbox 827 680 948 766; x_wconf 78' lang='grc' dir='ltr'><strong><em>κόγχου,</em></strong></span> <span class='ocrx_word' id='word_1_44' title='bbox 972 684 1058 764; x_wconf 79' lang='lat' dir='ltr'><strong>quod</strong></span> <span class='ocrx_word' id='word_1_45' title='bbox 1080 687 1123 745; x_wconf 84' lang='lat' dir='ltr'><strong>fs-</strong></span> 
     </span>
     <span class='ocr_line' id='line_1_7' title="bbox 104 783 1123 866; baseline -0.003 -22"><span class='ocrx_word' id='word_1_46' title='bbox 104 785 160 845; x_wconf 84' lang='lat' dir='ltr'><strong>bae</strong></span> <span class='ocrx_word' id='word_1_47' title='bbox 193 806 288 866; x_wconf 85' lang='lat' dir='ltr'><strong>genus</strong></span> <span class='ocrx_word' id='word_1_48' title='bbox 320 785 506 864; x_wconf 80' lang='lat' dir='ltr'><strong>pauperibus</strong></span> <span class='ocrx_word' id='word_1_49' title='bbox 537 786 685 846; x_wconf 82' lang='lat' dir='ltr'><strong>vilissimo</strong></span> <span class='ocrx_word' id='word_1_50' title='bbox 718 784 784 843; x_wconf 91' lang='lat' dir='ltr'><strong>cibo</strong></span> <span class='ocrx_word' id='word_1_51' title='bbox 817 784 911 843; x_wconf 88' lang='lat' dir='ltr'><strong>fuisse</strong></span> <span class='ocrx_word' id='word_1_52' title='bbox 942 803 1012 842; x_wconf 91' lang='lat' dir='ltr'><strong>cum</strong></span> <span class='ocrx_word' id='word_1_53' title='bbox 1043 783 1123 861; x_wconf 84' lang='lat' dir='ltr'><strong>apud</strong></span> 
     </span>
     <span class='ocr_line' id='line_1_8' title="bbox 104 879 1124 961; baseline -0.004 -19"><span class='ocrx_word' id='word_1_54' title='bbox 104 884 255 944; x_wconf 85' lang='lat' dir='ltr'><strong>Romanos</strong></span> <span class='ocrx_word' id='word_1_55' title='bbox 278 904 333 961; x_wconf 87' lang='lat' dir='ltr'><strong>per</strong></span> <span class='ocrx_word' id='word_1_56' title='bbox 354 884 531 944; x_wconf 79' lang='lat' dir='ltr'><strong>Iuvenalem</strong></span> <span class='ocrx_word' id='word_1_57' title='bbox 548 884 688 960; x_wconf 76' lang='lat'><strong>1112933</strong></span> <span class='ocrx_word' id='word_1_58' title='bbox 712 879 784 940; x_wconf 80' lang='lat' dir='ltr'><strong>XN</strong></span> <span class='ocrx_word' id='word_1_59' title='bbox 804 883 864 940; x_wconf 87' lang='grc'><strong>131</strong></span> <span class='ocrx_word' id='word_1_60' title='bbox 889 880 1124 958; x_wconf 70' lang='lat' dir='ltr'><strong>Mariielemquc</strong></span> 
     </span>
     <span class='ocr_line' id='line_1_9' title="bbox 104 969 1121 1058; baseline -0.004 -19"><span class='ocrx_word' id='word_1_61' title='bbox 104 980 165 1039; x_wconf 84' lang='lat' dir='ltr'><strong>Vll</strong></span> <span class='ocrx_word' id='word_1_62' title='bbox 190 983 229 1041; x_wconf 76' lang='lat'><strong>77</strong></span> <span class='ocrx_word' id='word_1_63' title='bbox 253 985 321 1040; x_wconf 82' lang='lat' dir='ltr'><strong>inm</strong></span> <span class='ocrx_word' id='word_1_64' title='bbox 344 981 425 1057; x_wconf 81' lang='lat' dir='ltr'><strong>apud</strong></span> <span class='ocrx_word' id='word_1_65' title='bbox 445 979 574 1040; x_wconf 76' lang='lat' dir='ltr'><strong>Graecos</strong></span> <span class='ocrx_word' id='word_1_66' title='bbox 596 998 652 1057; x_wconf 91' lang='lat' dir='ltr'><strong>per</strong></span> <span class='ocrx_word' id='word_1_67' title='bbox 672 977 826 1038; x_wconf 77' lang='lat' dir='ltr'><strong>Crateiem</strong></span> <span class='ocrx_word' id='word_1_68' title='bbox 849 978 989 1054; x_wconf 81' lang='lat' dir='ltr'><strong>cynicum</strong></span> <span class='ocrx_word' id='word_1_69' title='bbox 1014 969 1066 1058; x_wconf 81' lang='lat' dir='ltr'><strong>(fr.</strong></span> <span class='ocrx_word' id='word_1_70' title='bbox 1084 981 1121 1036; x_wconf 85' lang='lat'><strong>11</strong></span> 
     </span>
     <span class='ocr_line' id='line_1_10' title="bbox 104 1069 1122 1163; baseline -0.001 -28"><span class='ocrx_word' id='word_1_71' title='bbox 104 1069 230 1158; x_wconf 82' lang='lat' dir='ltr'><strong>Bergk.)</strong></span> <span class='ocrx_word' id='word_1_72' title='bbox 259 1080 385 1138; x_wconf 76' lang='lat' dir='ltr'><strong>consini.</strong></span> <span class='ocrx_word' id='word_1_73' title='bbox 432 1080 524 1154; x_wconf 75' lang='lat' dir='ltr'><strong>atquc</strong></span> <span class='ocrx_word' id='word_1_74' title='bbox 553 1077 665 1152; x_wconf 72' lang='lat' dir='ltr'><strong>optime</strong></span> <span class='ocrx_word' id='word_1_75' title='bbox 693 1077 797 1152; x_wconf 75' lang='lat' dir='ltr'><strong>potuit</strong></span> <span class='ocrx_word' id='word_1_76' title='bbox 823 1076 899 1135; x_wconf 78' lang='lat' dir='ltr'><strong>lolia</strong></span> <span class='ocrx_word' id='word_1_77' title='bbox 921 1076 1122 1163; x_wconf 81' lang='lat' dir='ltr'><strong>Xenophanes</strong></span> 
     </span>
     <span class='ocr_line' id='line_1_11' title="bbox 104 1164 1123 1255; baseline 0 -23"><span class='ocrx_word' id='word_1_78' title='bbox 104 1173 238 1251; x_wconf 87' lang='lat' dir='ltr'><strong>proferre</strong></span> <span class='ocrx_word' id='word_1_79' title='bbox 261 1175 326 1252; x_wconf 89' lang='lat' dir='ltr'><strong>ipse</strong></span> <span class='ocrx_word' id='word_1_80' title='bbox 350 1174 386 1233; x_wconf 88' lang='lat' dir='ltr'><strong>de</strong></span> <span class='ocrx_word' id='word_1_81' title='bbox 408 1174 475 1234; x_wconf 77' lang='lat' dir='ltr'><strong>‚viis</strong></span> <span class='ocrx_word' id='word_1_82' title='bbox 497 1193 553 1233; x_wconf 86' lang='lat' dir='ltr'><strong>sua</strong></span> <span class='ocrx_word' id='word_1_83' title='bbox 575 1174 650 1232; x_wconf 85' lang='lat' dir='ltr'><strong>haec</strong></span> <span class='ocrx_word' id='word_1_84' title='bbox 673 1173 782 1233; x_wconf 77' lang='lat' dir='ltr'><strong>effatus</strong></span> <span class='ocrx_word' id='word_1_85' title='bbox 806 1165 856 1254; x_wconf 85' lang='lat' dir='ltr'><strong>(fr.</strong></span> <span class='ocrx_word' id='word_1_86' title='bbox 878 1177 895 1233; x_wconf 82' lang='lat'><strong>7</strong></span> <span class='ocrx_word' id='word_1_87' title='bbox 916 1164 1045 1255; x_wconf 84' lang='lat' dir='ltr'><strong>Bergk.)</strong></span> <span class='ocrx_word' id='word_1_88' title='bbox 1062 1168 1123 1252; x_wconf 78' lang='grc' dir='ltr'><strong>ἥδη</strong></span> 
     </span>
     <span class='ocr_line' id='line_1_12' title="bbox 108 1263 1125 1350; baseline 0.001 -21"><span class='ocrx_word' id='word_1_89' title='bbox 108 1264 136 1329; x_wconf 89' lang='grc' dir='ltr'><strong>δ’</strong></span> <span class='ocrx_word' id='word_1_90' title='bbox 163 1265 235 1332; x_wconf 80' lang='grc' dir='ltr'><strong>ἕπτά</strong></span> <span class='ocrx_word' id='word_1_91' title='bbox 261 1265 286 1332; x_wconf 84' lang='grc' dir='ltr'><strong><em>τ’</em></strong></span> <span class='ocrx_word' id='word_1_92' title='bbox 312 1269 374 1331; x_wconf 74' lang='grc' dir='ltr'><strong><em>ἔασι</em></strong></span> <span class='ocrx_word' id='word_1_93' title='bbox 397 1269 447 1331; x_wconf 79' lang='grc' dir='ltr'><strong><em>κοιλ</em></strong></span> <span class='ocrx_word' id='word_1_94' title='bbox 470 1263 600 1350; x_wconf 75' lang='grc' dir='ltr'><strong><em>ἑξήκοντ’</em></strong></span> <span class='ocrx_word' id='word_1_95' title='bbox 626 1268 758 1331; x_wconf 75' lang='grc' dir='ltr'><strong><em>ἐνιαυτοί</em></strong></span> <span class='ocrx_word' id='word_1_96' title='bbox 780 1266 784 1350; x_wconf 91' lang='grc' dir='ltr'>Ι</span> <span class='ocrx_word' id='word_1_97' title='bbox 809 1270 1036 1350; x_wconf 70' lang='grc' dir='ltr'><strong><em>βληστρίζοντες</em></strong></span> <span class='ocrx_word' id='word_1_98' title='bbox 1051 1264 1125 1349; x_wconf 76' lang='grc' dir='ltr'><strong><em>ἐμὴν</em></strong></span> 
     </span>
     <span class='ocr_line' id='line_1_13' title="bbox 105 1362 1124 1450; baseline -0.003 -21"><span class='ocrx_word' id='word_1_99' title='bbox 105 1362 241 1447; x_wconf 77' lang='grc' dir='ltr'><strong><em>φροντίδ’</em></strong></span> <span class='ocrx_word' id='word_1_100' title='bbox 266 1362 315 1430; x_wconf 89' lang='grc' dir='ltr'><strong>ἀν’</strong></span> <span class='ocrx_word' id='word_1_101' title='bbox 336 1362 465 1430; x_wconf 83' lang='grc' dir='ltr'><strong><em>Ἑλλάδοι</em></strong></span> <span class='ocrx_word' id='word_1_102' title='bbox 486 1372 553 1450; x_wconf 74' lang='grc' dir='ltr'><strong><em>γῆν.</em></strong></span> <span class='ocrx_word' id='word_1_103' title='bbox 594 1373 728 1429; x_wconf 78' lang='lat' dir='ltr'><strong>ceterum</strong></span> <span class='ocrx_word' id='word_1_104' title='bbox 757 1368 793 1427; x_wconf 84' lang='lat' dir='ltr'><strong>de</strong></span> <span class='ocrx_word' id='word_1_105' title='bbox 819 1368 963 1429; x_wconf 81' lang='lat' dir='ltr'><strong>Teiorum</strong></span> <span class='ocrx_word' id='word_1_106' title='bbox 984 1386 1063 1444; x_wconf 82' lang='lat' dir='ltr'><strong>pone</strong></span> <span class='ocrx_word' id='word_1_107' title='bbox 1088 1371 1124 1426; x_wconf 78' lang='lat' dir='ltr'><strong>ui</strong></span> 
     </span>
     <span class='ocr_line' id='line_1_14' title="bbox 105 1460 1125 1544; baseline 0 -20"><span class='ocrx_word' id='word_1_108' title='bbox 105 1465 182 1525; x_wconf 88' lang='lat' dir='ltr'><strong>nihil</strong></span> <span class='ocrx_word' id='word_1_109' title='bbox 200 1466 323 1526; x_wconf 73' lang='lat' dir='ltr'><strong>aliunde</strong></span> <span class='ocrx_word' id='word_1_110' title='bbox 341 1467 484 1544; x_wconf 73' lang='lat' dir='ltr'><strong>innotuit,</strong></span> <span class='ocrx_word' id='word_1_111' title='bbox 509 1467 555 1526; x_wconf 75' lang='lat' dir='ltr'><strong>ile.</strong></span> <span class='ocrx_word' id='word_1_112' title='bbox 571 1460 704 1544; x_wconf 78' lang='grc' dir='ltr'><strong><em>καρύκκη</em></strong></span> <span class='ocrx_word' id='word_1_113' title='bbox 724 1484 743 1525; x_wconf 80' lang='grc' dir='ltr'><strong>ιι</strong></span> <span class='ocrx_word' id='word_1_114' title='bbox 761 1466 855 1543; x_wconf 85' lang='lat' dir='ltr'><strong>Lydis</strong></span> <span class='ocrx_word' id='word_1_115' title='bbox 873 1465 979 1542; x_wconf 89' lang='lat' dir='ltr'><strong>primis</strong></span> <span class='ocrx_word' id='word_1_116' title='bbox 998 1466 1125 1526; x_wconf 79' lang='lat' dir='ltr'><strong>invenio</strong></span> 
     </span>
     <span class='ocr_line' id='line_1_15' title="bbox 105 1556 1125 1641; baseline -0.002 -18"><span class='ocrx_word' id='word_1_117' title='bbox 105 1566 170 1622; x_wconf 73' lang='lat' dir='ltr'><strong>tam</strong></span> <span class='ocrx_word' id='word_1_118' title='bbox 191 1565 348 1640; x_wconf 76' lang='lat' dir='ltr'><strong>praeclare</strong></span> <span class='ocrx_word' id='word_1_119' title='bbox 370 1564 443 1641; x_wconf 65' lang='lat' dir='ltr'><strong>fult,</strong></span> <span class='ocrx_word' id='word_1_120' title='bbox 471 1567 509 1622; x_wconf 77' lang='lat' dir='ltr'><strong>ui</strong></span> <span class='ocrx_word' id='word_1_121' title='bbox 531 1581 633 1622; x_wconf 89' lang='lat' dir='ltr'><strong>omnes</strong></span> <span class='ocrx_word' id='word_1_122' title='bbox 657 1563 710 1639; x_wconf 88' lang='lat' dir='ltr'><strong>qui</strong></span> <span class='ocrx_word' id='word_1_123' title='bbox 733 1556 916 1641; x_wconf 63' lang='lat' dir='ltr'><strong>mouerentur?</strong></span> <span class='ocrx_word' id='word_1_124' title='bbox 939 1562 1125 1639; x_wconf 78' lang='lat' dir='ltr'><strong>scripserunt</strong></span> 
     </span>
     <span class='ocr_line' id='line_1_16' title="bbox 106 1651 1124 1740; baseline 0 -22"><span class='ocrx_word' id='word_1_125' title='bbox 106 1659 142 1719; x_wconf 85' lang='lat' dir='ltr'><strong>de</strong></span> <span class='ocrx_word' id='word_1_126' title='bbox 170 1679 206 1718; x_wconf 79' lang='lat' dir='ltr'><strong>ea</strong></span> <span class='ocrx_word' id='word_1_127' title='bbox 233 1661 434 1738; x_wconf 76' lang='lat' dir='ltr'><strong>comparando</strong></span> <span class='ocrx_word' id='word_1_128' title='bbox 461 1664 600 1720; x_wconf 76' lang='lat' dir='ltr'><strong>accurate</strong></span> <span class='ocrx_word' id='word_1_129' title='bbox 623 1661 832 1738; x_wconf 66' lang='lat' dir='ltr'><strong>praeceperint</strong></span> <span class='ocrx_word' id='word_1_130' title='bbox 855 1651 906 1740; x_wconf 81' lang='lat' dir='ltr'><strong>(cf.</strong></span> <span class='ocrx_word' id='word_1_131' title='bbox 930 1659 1041 1718; x_wconf 79' lang='lat' dir='ltr'><strong>Athen.</strong></span> <span class='ocrx_word' id='word_1_132' title='bbox 1064 1659 1124 1718; x_wconf 90' lang='lat' dir='ltr'><strong>XII</strong></span> 
     </span>
    </p>
   </div>
   <div class='ocr_carea' id='block_1_3' title="bbox 71 1749 1126 1936">
    <p class='ocr_par' dir='ltr' id='par_1_3' title="bbox 71 1749 1126 1936">
     <span class='ocr_line' id='line_1_17' title="bbox 105 1749 1125 1839; baseline -0.001 -23"><span class='ocrx_word' id='word_1_133' title='bbox 105 1778 133 1833; x_wconf 94' lang='lat' dir='ltr'><strong>p.</strong></span> <span class='ocrx_word' id='word_1_134' title='bbox 158 1749 245 1839; x_wconf 82' lang='lat'><strong>51⁰);</strong></span> <span class='ocrx_word' id='word_1_135' title='bbox 271 1759 333 1818; x_wconf 77' lang='lat' dir='ltr'><strong>fuir</strong></span> <span class='ocrx_word' id='word_1_136' title='bbox 356 1776 441 1835; x_wconf 81' lang='lat' dir='ltr'><strong>vero,</strong></span> <span class='ocrx_word' id='word_1_137' title='bbox 468 1761 506 1817; x_wconf 75' lang='lat' dir='ltr'><strong>ui</strong></span> <span class='ocrx_word' id='word_1_138' title='bbox 529 1757 573 1818; x_wconf 80' lang='lat' dir='ltr'><strong>aii</strong></span> <span class='ocrx_word' id='word_1_139' title='bbox 597 1757 746 1818; x_wconf 86' lang='lat' dir='ltr'><strong>Zenobins</strong></span> <span class='ocrx_word' id='word_1_140' title='bbox 769 1757 798 1817; x_wconf 87' lang='lat' dir='ltr'>V</span> <span class='ocrx_word' id='word_1_141' title='bbox 822 1760 840 1818; x_wconf 89' lang='lat'><strong>3</strong></span> <span class='ocrx_word' id='word_1_142' title='bbox 866 1749 917 1838; x_wconf 82' lang='lat' dir='ltr'><strong>(cf.</strong></span> <span class='ocrx_word' id='word_1_143' title='bbox 941 1756 1074 1834; x_wconf 82' lang='lat' dir='ltr'><strong>Hesych.</strong></span> <span class='ocrx_word' id='word_1_144' title='bbox 1097 1777 1125 1817; x_wconf 84' lang='lat' dir='ltr'><strong>v.</strong></span> 
     </span>
     <span class='ocr_line' id='line_1_18' title="bbox 71 1846 1126 1936; baseline 0.002 -25"><span class='ocrx_word' id='word_1_145' title='bbox 71 1871 73 1874; x_wconf 82' lang='lat'>·</span> <span class='ocrx_word' id='word_1_146' title='bbox 108 1846 250 1936; x_wconf 82' lang='grc' dir='ltr'><strong><em>καρόκη),</em></strong></span> <span class='ocrx_word' id='word_1_147' title='bbox 269 1854 373 1933; x_wconf 77' lang='grc' dir='ltr'><strong><em>βρόμοι</em></strong></span> <span class='ocrx_word' id='word_1_148' title='bbox 387 1847 524 1915; x_wconf 84' lang='grc' dir='ltr'><strong><em>Λυδικδν</em></strong></span> <span class='ocrx_word' id='word_1_149' title='bbox 542 1851 574 1914; x_wconf 75' lang='grc' dir='ltr'><strong>ἐκ</strong></span> <span class='ocrx_word' id='word_1_150' title='bbox 592 1857 710 1916; x_wconf 81' lang='grc' dir='ltr'><strong><em>πολλῶν</em></strong></span> <span class='ocrx_word' id='word_1_151' title='bbox 727 1846 905 1933; x_wconf 75' lang='grc' dir='ltr'><strong><em>ἡδυσμάτων</em></strong></span> <span class='ocrx_word' id='word_1_152' title='bbox 924 1847 1063 1927; x_wconf 83' lang='grc' dir='ltr'><strong><em>συνεστὸς</em></strong></span> <span class='ocrx_word' id='word_1_153' title='bbox 1076 1851 1126 1914; x_wconf 83' lang='grc' dir='ltr'><strong>καὶ</strong></span> 
     </span>
    </p>
   </div>
   <div class='ocr_carea' id='block_1_4' title="bbox 107 1948 236 2030">
    <p class='ocr_par' dir='ltr' id='par_1_4' title="bbox 107 1948 236 2030">
     <span class='ocr_line' id='line_1_19' title="bbox 107 1948 236 2030; baseline 0.016 -22"><span class='ocrx_word' id='word_1_154' title='bbox 107 1948 236 2030; x_wconf 76' lang='grc' dir='ltr'><strong><em>αἵματος.</em></strong></span> 
     </span>
    </p>
   </div>
   <div class='ocr_carea' id='block_1_5' title="bbox 508 2074 721 2082">
    <p class='ocr_par' dir='ltr' id='par_1_5' title="bbox 508 2074 721 2082">
     <span class='ocr_line' id='line_1_20' title="bbox 508 2074 721 2082; baseline -0.009 0"><span class='ocrx_word' id='word_1_155' title='bbox 508 2074 721 2082; x_wconf 68' lang='lat'><strong>--·-—-—-————</strong></span> 
     </span>
    </p>
   </div>
   <div class='ocr_carea' id='block_1_6' title="bbox 426 2228 806 2318">
    <p class='ocr_par' dir='ltr' id='par_1_6' title="bbox 426 2228 806 2318">
     <span class='ocr_line' id='line_1_21' title="bbox 426 2228 806 2318; baseline -0.008 -20"><span class='ocrx_word' id='word_1_156' title='bbox 426 2237 566 2297; x_wconf 88' lang='lat' dir='ltr'>XXXXV</span> <span class='ocrx_word' id='word_1_157' title='bbox 590 2228 648 2318; x_wconf 85' lang='grc'><strong>(46</strong></span> <span class='ocrx_word' id='word_1_158' title='bbox 672 2228 806 2318; x_wconf 84' lang='lat' dir='ltr'><strong>proecd.)</strong></span> 
     </span>
    </p>
   </div>
   <div class='ocr_carea' id='block_1_7' title="bbox 119 2348 1125 2970">
    <p class='ocr_par' dir='ltr' id='par_1_7' title="bbox 151 2348 1057 2757">
     <span class='ocr_line' id='line_1_22' title="bbox 152 2348 1057 2438; baseline -0.003 -18"><span class='ocrx_word' id='word_1_159' title='bbox 152 2348 196 2430; x_wconf 81' lang='grc' dir='ltr'><strong>ὡς</strong></span> <span class='ocrx_word' id='word_1_160' title='bbox 222 2352 277 2420; x_wconf 76' lang='grc' dir='ltr'><strong>καὶ</strong></span> <span class='ocrx_word' id='word_1_161' title='bbox 301 2351 388 2438; x_wconf 77' lang='grc' dir='ltr'><strong><em>ἐμόν</em></strong></span> <span class='ocrx_word' id='word_1_162' title='bbox 412 2350 538 2438; x_wconf 79' lang='grc' dir='ltr'><strong><em>ὄφελον</em></strong></span> <span class='ocrx_word' id='word_1_163' title='bbox 561 2356 705 2421; x_wconf 81' lang='grc' dir='ltr'><strong><em>πυκινοῦ</em></strong></span> <span class='ocrx_word' id='word_1_164' title='bbox 728 2352 814 2420; x_wconf 88' lang='grc' dir='ltr'><strong><em>νόου</em></strong></span> <span class='ocrx_word' id='word_1_165' title='bbox 838 2348 1057 2437; x_wconf 79' lang='grc' dir='ltr'><strong><em>ἀντιβολῆσαι</em></strong></span> 
     </span>
     <span class='ocr_line' id='line_1_23' title="bbox 152 2455 988 2550; baseline 0.001 -26"><span class='ocrx_word' id='word_1_166' title='bbox 152 2455 476 2544; x_wconf 84' lang='grc' dir='ltr'><strong><em>ἀμφοτερόβλεπτος·</em></strong></span> <span class='ocrx_word' id='word_1_167' title='bbox 501 2461 598 2546; x_wconf 86' lang='grc' dir='ltr'><strong><em>δολίη</em></strong></span> <span class='ocrx_word' id='word_1_168' title='bbox 623 2455 655 2525; x_wconf 81' lang='grc' dir='ltr'><strong>δ’</strong></span> <span class='ocrx_word' id='word_1_169' title='bbox 681 2455 750 2550; x_wconf 79' lang='grc' dir='ltr'><strong>ὁδῷ</strong></span> <span class='ocrx_word' id='word_1_170' title='bbox 775 2456 988 2545; x_wconf 76' lang='grc' dir='ltr'><strong><em>ἐξαπατήθην</em></strong></span> 
     </span>
     <span class='ocr_line' id='line_1_24' title="bbox 153 2560 964 2650; baseline 0.004 -22"><span class='ocrx_word' id='word_1_171' title='bbox 153 2564 381 2649; x_wconf 77' lang='grc' dir='ltr'><strong><em>πρεσβυγενὴς</em></strong></span> <span class='ocrx_word' id='word_1_172' title='bbox 405 2565 505 2631; x_wconf 78' lang='grc' dir='ltr'><strong><em>ἐτέων</em></strong></span> <span class='ocrx_word' id='word_1_173' title='bbox 528 2563 811 2650; x_wconf 74' lang='grc' dir='ltr'><strong><em>κεύμενθήριστος</em></strong></span> <span class='ocrx_word' id='word_1_174' title='bbox 833 2560 964 2650; x_wconf 83' lang='grc' dir='ltr'><strong><em>ἀπάσης</em></strong></span> 
     </span>
     <span class='ocr_line' id='line_1_25' title="bbox 151 2667 1015 2757; baseline 0.003 -24"><span class='ocrx_word' id='word_1_175' title='bbox 151 2667 389 2754; x_wconf 77' lang='grc' dir='ltr'><strong><em>σκεπτοσόνης·</em></strong></span> <span class='ocrx_word' id='word_1_176' title='bbox 414 2667 502 2755; x_wconf 83' lang='grc' dir='ltr'><strong><em>ὅππη</em></strong></span> <span class='ocrx_word' id='word_1_177' title='bbox 525 2667 591 2757; x_wconf 81' lang='grc' dir='ltr'><strong>μάρ</strong></span> <span class='ocrx_word' id='word_1_178' title='bbox 615 2667 697 2755; x_wconf 82' lang='grc' dir='ltr'><strong><em>ἐμὸν</em></strong></span> <span class='ocrx_word' id='word_1_179' title='bbox 720 2668 1015 2757; x_wconf 78' lang='grc' dir='ltr'><strong><em>νόονέἰρόσαιμι,</em></strong></span> 
     </span>
    </p>

    <p class='ocr_par' dir='ltr' id='par_1_8' title="bbox 119 2759 1125 2970">
     <span class='ocr_line' id='line_1_26' title="bbox 119 2759 1044 2850; baseline 0.004 -12"><span class='ocrx_word' id='word_1_180' title='bbox 119 2775 200 2850; x_wconf 76' lang='grc' dir='ltr'><strong>σείς</strong></span> <span class='ocrx_word' id='word_1_181' title='bbox 220 2759 259 2838; x_wconf 70' lang='grc' dir='ltr'><strong>δν</strong></span> <span class='ocrx_word' id='word_1_182' title='bbox 282 2770 383 2840; x_wconf 84' lang='grc' dir='ltr'><strong><em>ταύτό</em></strong></span> <span class='ocrx_word' id='word_1_183' title='bbox 406 2800 440 2841; x_wconf 88' lang='grc' dir='ltr'><strong>τε</strong></span> <span class='ocrx_word' id='word_1_184' title='bbox 464 2777 531 2841; x_wconf 84' lang='grc' dir='ltr'><strong>πᾶν</strong></span> <span class='ocrx_word' id='word_1_185' title='bbox 556 2771 727 2842; x_wconf 87' lang='grc' dir='ltr'><strong><em>ἀνελύετο·</em></strong></span> <span class='ocrx_word' id='word_1_186' title='bbox 750 2779 819 2842; x_wconf 80' lang='grc' dir='ltr'><strong>πᾶν</strong></span> <span class='ocrx_word' id='word_1_187' title='bbox 843 2772 875 2843; x_wconf 86' lang='grc' dir='ltr'><strong>δ’</strong></span> <span class='ocrx_word' id='word_1_188' title='bbox 898 2775 955 2844; x_wconf 86' lang='grc' dir='ltr'><strong>ἐὸν</strong></span> <span class='ocrx_word' id='word_1_189' title='bbox 979 2776 1044 2842; x_wconf 75' lang='lat' dir='ltr'><strong>ciel</strong></span> 
     </span>
     <span class='ocr_line' id='line_1_27' title="bbox 151 2877 1125 2970; baseline 0.006 -26"><span class='ocrx_word' id='word_1_190' title='bbox 151 2879 257 2965; x_wconf 81' lang='grc' dir='ltr'><strong><em>πάντη</em></strong></span> <span class='ocrx_word' id='word_1_191' title='bbox 285 2877 512 2966; x_wconf 82' lang='grc' dir='ltr'><strong><em>ἀνελκόμενον</em></strong></span> <span class='ocrx_word' id='word_1_192' title='bbox 539 2887 620 2967; x_wconf 82' lang='grc' dir='ltr'><strong><em>μίαν</em></strong></span> <span class='ocrx_word' id='word_1_193' title='bbox 648 2885 695 2961; x_wconf 80' lang='grc' dir='ltr'><strong><em>εἰς</em></strong></span> <span class='ocrx_word' id='word_1_194' title='bbox 722 2884 828 2968; x_wconf 84' lang='grc' dir='ltr'><strong><em>φύσιν</em></strong></span> <span class='ocrx_word' id='word_1_195' title='bbox 853 2880 967 2951; x_wconf 61' lang='grc' dir='ltr'><strong><em>ἵκοιθ’</em></strong></span> <span class='ocrx_word' id='word_1_196' title='bbox 993 2882 1125 2970; x_wconf 84' lang='grc' dir='ltr'><strong><em>ὁμοίην.</em></strong></span> 
     </span>
    </p>
   </div>
   <div class='ocr_carea' id='block_1_8' title="bbox 404 3066 825 3111">
    <p class='ocr_par' dir='ltr' id='par_1_9' title="bbox 404 3066 825 3111">
     <span class='ocr_line' id='line_1_28' title="bbox 404 3066 825 3111; baseline 0.002 -3"><span class='ocrx_word' id='word_1_197' title='bbox 404 3067 525 3109; x_wconf 76' lang='lat' dir='ltr'><strong>nouum</strong></span> <span class='ocrx_word' id='word_1_198' title='bbox 547 3067 687 3110; x_wconf 74' lang='lat' dir='ltr'><strong>DETOR&#39;PI</strong></span> <span class='ocrx_word' id='word_1_199' title='bbox 709 3066 825 3111; x_wconf 76' lang='lat' dir='ltr'>VERSVS</span> 
     </span>
    </p>
   </div>
   <div class='ocr_carea' id='block_1_9' title="bbox 105 3146 1154 3581">
    <p class='ocr_par' dir='ltr' id='par_1_10' title="bbox 105 3146 1154 3581">
     <span class='ocr_line' id='line_1_29' title="bbox 105 3146 1154 3226; baseline 0.002 -18"><span class='ocrx_word' id='word_1_200' title='bbox 105 3153 179 3210; x_wconf 85' lang='lat' dir='ltr'><strong>inv.</strong></span> <span class='ocrx_word' id='word_1_201' title='bbox 201 3161 228 3210; x_wconf 82' lang='lat'><strong>1:</strong></span> <span class='ocrx_word' id='word_1_202' title='bbox 249 3174 268 3208; x_wconf 88' lang='grc' dir='ltr'><strong>οι</strong></span> <span class='ocrx_word' id='word_1_203' title='bbox 286 3161 339 3210; x_wconf 72' lang='lat'><strong>217</strong></span> <span class='ocrx_word' id='word_1_204' title='bbox 358 3151 396 3219; x_wconf 78' lang='grc' dir='ltr'><strong>ὡς</strong></span> <span class='ocrx_word' id='word_1_205' title='bbox 414 3152 450 3226; x_wconf 80' lang='grc' dir='ltr'><strong>δὴ</strong></span> <span class='ocrx_word' id='word_1_206' title='bbox 470 3152 555 3226; x_wconf 74' lang='grc' dir='ltr'><em>ἔγωγ’</em></span> <span class='ocrx_word' id='word_1_207' title='bbox 576 3151 683 3225; x_wconf 83' lang='grc' dir='ltr'><strong><em>ὄφελον</em></strong></span> <span class='ocrx_word' id='word_1_208' title='bbox 705 3156 816 3226; x_wconf 79' lang='lat' dir='ltr'><strong>(eadem</strong></span> <span class='ocrx_word' id='word_1_209' title='bbox 834 3173 931 3212; x_wconf 82' lang='lat' dir='ltr'><strong>versus</strong></span> <span class='ocrx_word' id='word_1_210' title='bbox 949 3157 1027 3225; x_wconf 84' lang='lat' dir='ltr'><strong>sede)</strong></span> <span class='ocrx_word' id='word_1_211' title='bbox 1146 3146 1154 3160; x_wconf 85' lang='lat'>&#39;</span> 
     </span>
     <span class='ocr_line' id='line_1_30' title="bbox 251 3242 914 3315; baseline 0.002 -15"><span class='ocrx_word' id='word_1_212' title='bbox 251 3247 345 3301; x_wconf 80' lang='lat'>0461</span> <span class='ocrx_word' id='word_1_213' title='bbox 364 3243 487 3301; x_wconf 82' lang='grc' dir='ltr'><strong><em>πυκινὸν</em></strong></span> <span class='ocrx_word' id='word_1_214' title='bbox 506 3242 575 3302; x_wconf 90' lang='grc' dir='ltr'><strong><em>νόον</em></strong></span> <span class='ocrx_word' id='word_1_215' title='bbox 594 3245 703 3315; x_wconf 80' lang='lat' dir='ltr'><strong>(eudem</strong></span> <span class='ocrx_word' id='word_1_216' title='bbox 721 3263 817 3301; x_wconf 86' lang='lat' dir='ltr'><strong>versus</strong></span> <span class='ocrx_word' id='word_1_217' title='bbox 837 3244 914 3315; x_wconf 89' lang='lat' dir='ltr'><strong>sede)</strong></span> 
     </span>
     <span class='ocr_line' id='line_1_31' title="bbox 250 3329 901 3407; baseline -0.003 -18"><span class='ocrx_word' id='word_1_218' title='bbox 250 3340 276 3389; x_wconf 86' lang='grc' dir='ltr'><em>Δ</em></span> <span class='ocrx_word' id='word_1_219' title='bbox 294 3340 347 3390; x_wconf 84' lang='grc'><strong>314</strong></span> <span class='ocrx_word' id='word_1_220' title='bbox 366 3336 402 3389; x_wconf 79' lang='lat' dir='ltr'><strong>ol.</strong></span> <span class='ocrx_word' id='word_1_221' title='bbox 422 3332 513 3407; x_wconf 72' lang='grc' dir='ltr'><strong><em>μάχης</em></strong></span> <span class='ocrx_word' id='word_1_222' title='bbox 531 3335 700 3403; x_wconf 78' lang='grc' dir='ltr'><strong><em>καυστειρῆς</em></strong></span> <span class='ocrx_word' id='word_1_223' title='bbox 718 3329 901 3407; x_wconf 80' lang='grc' dir='ltr'><strong><em>ἀντιβολῆσαι</em></strong></span> 
     </span>
     <span class='ocr_line' id='line_1_32' title="bbox 106 3421 898 3497; baseline 0.001 -21"><span class='ocrx_word' id='word_1_224' title='bbox 106 3421 136 3476; x_wconf 86' lang='lat' dir='ltr'><strong>in</strong></span> <span class='ocrx_word' id='word_1_225' title='bbox 155 3441 180 3478; x_wconf 85' lang='lat' dir='ltr'><strong>v.</strong></span> <span class='ocrx_word' id='word_1_226' title='bbox 200 3429 229 3477; x_wconf 84' lang='lat'><strong>3:</strong></span> <span class='ocrx_word' id='word_1_227' title='bbox 249 3430 272 3477; x_wconf 87' lang='grc' dir='ltr'><em>Λ</em></span> <span class='ocrx_word' id='word_1_228' title='bbox 291 3429 343 3477; x_wconf 76' lang='lat'><strong>249</strong></span> <span class='ocrx_word' id='word_1_229' title='bbox 362 3421 557 3497; x_wconf 75' lang='grc' dir='ltr'><strong><em>κρειβυνενήι</em></strong></span> <span class='ocrx_word' id='word_1_230' title='bbox 578 3423 689 3494; x_wconf 80' lang='lat' dir='ltr'><strong>(ecdem</strong></span> <span class='ocrx_word' id='word_1_231' title='bbox 707 3422 898 3492; x_wconf 73' lang='lat' dir='ltr'><strong>verrucosus)</strong></span> 
     </span>
     <span class='ocr_line' id='line_1_33' title="bbox 106 3509 696 3581; baseline 0.005 -17"><span class='ocrx_word' id='word_1_232' title='bbox 106 3509 137 3564; x_wconf 74' lang='lat' dir='ltr'><strong>iu</strong></span> <span class='ocrx_word' id='word_1_233' title='bbox 154 3528 179 3565; x_wconf 88' lang='lat' dir='ltr'><strong>v.</strong></span> <span class='ocrx_word' id='word_1_234' title='bbox 200 3517 229 3565; x_wconf 79' lang='lat'><strong>4:</strong></span> <span class='ocrx_word' id='word_1_235' title='bbox 251 3513 275 3567; x_wconf 88' lang='grc' dir='ltr'>Θ</span> <span class='ocrx_word' id='word_1_236' title='bbox 296 3518 346 3566; x_wconf 83' lang='grc'><strong>143</strong></span> <span class='ocrx_word' id='word_1_237' title='bbox 367 3509 438 3574; x_wconf 72' lang='grc' dir='ltr'><strong>Διὸς</strong></span> <span class='ocrx_word' id='word_1_238' title='bbox 456 3509 525 3568; x_wconf 90' lang='grc' dir='ltr'><strong><em>νόον</em></strong></span> <span class='ocrx_word' id='word_1_239' title='bbox 544 3509 696 3581; x_wconf 75' lang='grc' dir='ltr'><strong><em>εἰρόσυιτυ.</em></strong></span> 
     </span>
    </p>
   </div>
   <div class='ocr_carea' id='block_1_10' title="bbox 0 0 1242 3832">
    <p class='ocr_par' dir='ltr' id='par_1_11' title="bbox 0 0 1242 3832">
     <span class='ocr_line' id='line_1_34' title="bbox 0 0 1242 3832; baseline 0 0"><span class='ocrx_word' id='word_1_240' title='bbox 0 0 1242 3832; x_wconf 95' lang='lat' dir='ltr'><strong> </strong></span> 
     </span>
    </p>
   </div>
  </div>
 </body>
</html>
