2466 3832
515 173 556 180 -
606 135 669 201 132
715 173 757 181 —
1020 161 1149 206 unionis
1198 120 1201 125 ⁵

129 298 239 374 obstat,
265 298 426 374 quominus
448 299 493 358 ite
516 302 701 376 statuamus3
726 319 780 358 nec
804 301 938 360 multum
960 302 1044 361 valet
1067 304 1150 380 quod

129 397 300 456 Boeokhius
318 397 448 458 Philola.
465 419 494 474 p.
510 400 550 457 21
573 397 673 474 obicit,
693 415 711 455 a
731 397 855 457 Timone
873 418 938 457 rem
956 402 1020 458 tam
1039 401 1151 462 leviter

129 497 245 554 tactam
269 513 333 555 esse
356 499 393 579 ut
415 515 476 556 non
497 496 594 573 possit
616 495 756 574 intellegi
775 495 835 554 nisi
853 495 975 556 aliunde
995 496 1064 573 quis
1083 516 1150 557 eam

88 607 91 614 ·
131 591 192 650 iam
215 595 341 654 noverit.
385 612 456 653 nam
479 597 510 652 et
531 593 693 671 ignoratur
716 612 866 670 quaenam
888 593 987 655 tribus
1010 596 1148 656 versibus

131 689 282 751 Timoneis
301 693 350 753 vel
370 691 587 751 antecesserint
608 691 658 752 vel
682 709 732 751 eos
751 694 856 751 secuta
874 692 944 767 sint,
963 696 995 750 et
1010 693 1148 769 apprime

130 790 272 865 congruit
295 808 364 848 cum
386 788 545 865 Hermippi
570 787 729 847 fabulandi
755 807 850 864 more,
878 789 905 847 si
932 792 1051 848 statuas
1080 809 1148 850 eum

132 884 266 944 Timonis
296 885 521 946 cavillationem
548 905 617 945 cum
645 886 873 944 narratiuncula
901 887 998 945 altera
1025 887 1148 946 aliunde

129 985 203 1041 nota
226 983 370 1042 conflasse
395 987 426 1042 et
449 983 620 1042 accuratius
644 983 828 1064 explanasse.

197 1079 300 1158 Seouti
329 1083 400 1138 sunt
427 1081 622 1156 recentiores,
651 1081 704 1156 qui
733 1080 867 1140 Timonis
895 1098 999 1141 versus
1027 1100 1088 1140 nou
1111 1082 1151 1140 ad

131 1175 306 1235 Philolaum
332 1177 479 1237 referrent
507 1177 559 1237 sed
587 1177 626 1236 ad
649 1177 766 1236 Timaei
788 1177 877 1237 Locri
899 1179 1091 1255 suppositum
1114 1181 1150 1238 li-

129 1271 246 1332 bellum
278 1271 345 1354 ιιερὶ
375 1277 476 1354 ψυχᾶς
506 1268 620 1352 κόσμου
649 1271 699 1333 καὶ
726 1269 835 1350 φύσιος
862 1267 905 1355 (ι.
929 1293 1021 1352 supra
1048 1277 1151 1352 posita

131 1370 306 1430 testimonia
328 1373 499 1450 Iamblichi‚
522 1371 630 1449 Procli,
654 1371 838 1432 scholiorum
861 1375 893 1431 et
914 1375 1151 1451 prolegomenon

131 1467 374 1547 Platonicorum3
398 1471 508 1547 quibus
527 1470 643 1530 accedit
662 1470 825 1547 synesius,
839 1469 875 1528 de
895 1469 973 1531 dono
992 1472 1152 1532 astrolabii

130 1585 159 1641 p.
180 1568 243 1626 308
265 1568 309 1626 ed.
328 1568 442 1646 Petam,
466 1569 520 1646 qui
544 1572 647 1643 tamen
666 1569 823 1626 Timonem
842 1586 902 1626 non
921 1561 1058 1649 laudat)²
1080 1571 1153 1629 falsi

130 1663 179 1722 illi
205 1666 313 1740 procul
341 1666 446 1742 dubio,
474 1684 544 1724 cum
571 1667 629 1725 iste
657 1665 779 1724 libellus
802 1664 882 1724 inter
904 1666 1153 1744 neopythagorea

132 1761 246 1838 scripta
274 1762 344 1821 inde
372 1782 390 1821 a
416 1763 514 1839 primo
538 1781 564 1821 a.
588 1761 656 1821 (ihr.
680 1763 801 1822 saeculo
825 1763 1024 1824 scaturientia
1045 1783 1152 1824 nume-

131 1857 244 1916 randus
268 1859 309 1917 sit
332 1879 430 1935 neque
449 1863 519 1919 ante
537 1859 764 1936 Nicomachum,
787 1859 882 1919 herm.
900 1860 917 1919 Ι
937 1862 978 1920 24
998 1864 1029 1920 et
1047 1859 1153 1937 Clam,

134 1954 236 2011 strom.
259 1951 340 2031 Vp
365 1949 450 2014 604Β
475 1959 733 2016 commemoretur.

197 2049 277 2111 Vtut
310 2056 369 2129 est,
402 2053 562 2112 Platonem
593 2053 821 2131 Pythagoreum
854 2055 1005 2131 quendam
1037 1997 1152 2116 librum

133 2148 252 2210 novisse
290 2153 407 2210 certum
442 2150 576 2229 ridetur,
611 2151 768 2228 probabile
805 2153 934 2212 eundem
967 2155 1152 2231 possedisse.

133 2247 233 2306 omnia
274 2248 393 2326 reliqua
434 2248 520 2309 nobis
561 2249 755 2326 incomperta.
814 2269 913 2326 neque
951 2252 1023 2310 licet
1057 2253 1153 2312 verba

18 2368 20 2374 ·
132 2335 258 2423 ὀλίγην
280 2345 386 2424 βίβλον
407 2365 516 2424 urgere
538 2350 575 2407 ut
596 2349 697 2409 voluit
713 2347 839 2424 Rarius,
863 2350 917 2408 dus
937 2350 1034 2408 uciche
1051 2350 1151 2410 Buch-

131 2459 224 2501 wesen
246 2462 275 2518 p.
295 2445 374 2519 45113
397 2462 468 2502 nam
490 2443 613 2503 minime
636 2446 739 2523 agitur
766 2447 802 2505 de
825 2445 1036 2524 magnitudine
1058 2440 1152 2506 huius

132 2541 296 2600 voluminis
320 2560 389 2599 oum
411 2542 479 2600 aliis
502 2542 609 2601 collati
629 2544 682 2603 sed
703 2543 740 2602 de
760 2545 890 2619 pecunia
909 2544 1017 2621 grandi
1035 2562 1096 2621 qua
1114 2544 1151 2603 li·

81 2620 84 2625 4
132 2635 231 2695 bellus
255 2640 374 2711 emptus
396 2637 444 2695 sit.

200 2731 343 2790 Ceterum
365 2720 588 2812 ripotoyompeiv
610 2735 650 2794 ad
671 2755 807 2796 normam
830 2738 993 2798 verborum
1009 2742 1150 2820 λογογρα-

134 2831 205 2903 φεῖν
227 2831 435 2907 μυθογραφεῖν
462 2830 592 2890 aliorum
619 2832 702 2892 haud
727 2833 772 2893 ita
793 2835 925 2895 feliciter
948 2855 967 2895 a
989 2841 1081 2912 poeta
1105 2841 1153 2897 est

134 2923 252 3002 fictum3
271 2917 475 3006 ἀπαρχόμενος
492 2946 564 2989 vero
584 2931 665 3007 quod
684 2932 766 2991 solus
782 2930 898 2994 Gellius
918 2933 1040 2993 exhibet
1053 2935 1152 2995 multo

135 3023 316 3098 exquisitius
345 3042 436 3102 quam
463 3017 651 3106 ἆφορμηθείς
679 3020 776 3110 (quod
800 3032 894 3109 vulgo
923 3032 999 3091 duce
1022 3031 1152 3092 Valcke-

135 3121 233 3199 nario,
258 3121 293 3182 de
317 3121 494 3184 Aristobulo
517 3145 546 3201 p.
567 3127 607 3186 65
633 3128 701 3187 adn.
722 3131 739 3187 1
765 3122 971 3210 praefoumt);
1000 3130 1153 3208 significat

136 3219 216 3278 enim
240 3214 367 3299 ‘optima
391 3226 421 3283 et
443 3223 631 3284 nobilissima
654 3227 723 3286 inde
747 3221 894 3304 carpons'.

536 3424 750 3438 m
