2466 3832
519 125 740 189 „72-

124 286 176 349 καί
204 286 349 367 γραφείου
377 290 483 348 καινοῦ
511 285 560 348 καὶ
587 289 758 350 πινακιδίου
786 291 892 349 καινοῦ
915 291 1072 367 respondit
1094 284 1147 351 ιῦυ

124 388 200 446 νοῦν
228 386 443 463 παρεμφαίνων
470 387 489 446 i.
519 407 542 446 e.
572 388 743 464 dispesccns
770 406 875 447 vocem
901 391 1008 448 καινοῦ
1036 390 1068 449 in
1093 386 1146 449 καὶ

122 485 178 544 νοῦ
211 476 263 563 (cf.
291 484 324 544 L.
352 485 388 543 D.
416 484 461 543 VI
489 477 533 566 3).
588 484 739 563 Diogenes
777 489 879 546 autem
916 505 984 546 oum
1016 487 1145 547 vidisset

124 580 366 661 Olympionioam
399 602 469 643 oves
501 587 675 660 pascentem
703 579 811 661 ταχέως
839 584 939 661 inquit
967 572 990 643 oi
1018 581 1143 662 βέλτιστε

122 675 243 756 μετέβης
281 672 340 740 ῦπὸ
372 682 432 739 τῶν
460 673 628 757 Ὀλυμπίων
660 677 708 740 ἐπὶ
738 674 773 739 τῦ
801 677 903 758 Νέμεα
932 673 965 762 (i.
990 701 1014 740 e.
1042 678 1143 759 νέμεα,

121 769 256 852 ‘pascua’
276 777 309 836 L.
328 777 364 836 D.
384 777 428 835 VI
447 769 515 858 49),
539 782 632 855 atque
655 782 815 837 centauros
839 779 914 838 duos
932 777 1061 855 pessime
1080 779 1144 856 pic·

121 877 169 934 tos
193 875 325 956 intuitus
348 875 549 952 interrogavit
573 868 620 956 (L.
643 876 679 933 D.
703 875 748 934 VI
772 868 847 958 51)=
870 881 941 935 uter
963 878 1071 936 horum
1096 882 1143 937 est

123 969 261 1047 Xelpuv?
295 964 392 1050 (quod
424 973 507 1032 valet
539 976 570 1031 et
597 966 734 1032 ‘Chiron’
770 979 801 1034 et
823 966 1006 1055 ‘deterior’).
1056 975 1145 1039 Idem.

122 1059 169 1147 (L.
194 1068 230 1126 D.
249 1067 294 1126 VI
319 1060 376 1148 68)
400 1069 515 1128 medico
539 1071 664 1130 moecho
687 1072 809 1146 puellae
833 1072 996 1150 aliquando
1020 1074 1143 1132 oculum

124 1164 244 1223 curanti
268 1165 373 1243 suasit,
397 1170 433 1224 ut
456 1170 576 1225 caveret
598 1185 635 1224 ne
659 1167 786 1244 virginis
810 1170 932 1227 oculum
951 1187 1059 1228 curans
1078 1188 1143 1230 cor-

122 1267 277 1347 rumperet
299 1256 354 1339 τὴν
376 1255 470 1341 κόρην
494 1255 591 1343 (quod
613 1264 756 1323 nimirum
780 1284 874 1342 aeque
894 1258 1069 1342 ‘pupillam’
1096 1272 1142 1327 at-

122 1380 183 1437 que
207 1352 368 1436 ‘puellam’
400 1353 574 1442 significat).
619 1361 758 1438 Denique
788 1353 835 1441 (L.
858 1362 894 1420 D.
918 1363 962 1421 VI
987 1355 1044 1444 61)
1072 1383 1141 1424 cnm

123 1477 161 1517 ex
193 1477 228 1518 eo
262 1459 345 1518 cuias
377 1478 454 1536 puer
486 1459 610 1536 quidam
643 1461 800 1534 stupratus
832 1464 912 1519 esset
946 1467 1144 1538 quaereretur

128 1549 270 1635 Τεγεάτης
293 1557 461 1635 respondit,
486 1576 545 1634 quo
569 1557 661 1618 verbo
686 1561 717 1616 et
740 1557 814 1616 civis
838 1557 954 1634 Tegeae
978 1557 1061 1618 urbis
1084 1559 1142 1617 Ar·

123 1654 243 1714 cadicae
276 1658 402 1713 notatur
431 1659 462 1714 et
489 1656 578 1714 homo
606 1654 771 1731 lupanaris.
818 1653 962 1715 Conferas
985 1659 1144 1730 praeterea

124 1751 164 1810 sis
189 1751 221 1809 n
246 1751 283 1809 ο.
307 1752 352 1810 vi
376 1753 426 1811 οι.
452 1753 503 1812 se.
528 1754 578 1811 ca.
605 1755 660 1828 cs;
685 1751 777 1828 saon,
800 1753 885 1824 μου.
909 1752 1018 1811 cxxx
1043 1755 1070 1811 c.

189 1847 273 1906 Haec
292 1851 395 1906 autem
413 1849 514 1907 omnia
530 1848 639 1926 quibus
655 1849 814 1925 splendent
827 1849 1001 1925 cynicorum
1015 1849 1143 1911 σπονδο-

119 1939 219 2024 pileto
258 1945 343 2005 vides
385 1965 476 2023 quam
513 1946 633 2024 egregie
672 1947 844 2021 conspirent
881 1965 949 2005 cum
984 1947 1027 2006 eis
1065 1967 1143 2025 quae

121 2044 246 2119 propria
270 2062 333 2103 esse
357 2045 420 2103 dixi
444 2043 578 2102 Timonis
602 2044 753 2120 sillorum3
778 2046 882 2104 eadem
905 2045 984 2104 enim
1006 2049 1053 2104 est
1061 2045 1144 2126 ’δογ-
1224 2066 1228 2073 ·

123 2143 253 2217 ματιιιῦν
281 2141 531 2218 philosophorum
557 2141 670 2220 irrisio,
698 2141 803 2201 eadem
825 2141 1054 2203 Homericoium
1076 2163 1143 2204 ver·

126 2255 215 2298 suum
234 2240 368 2317 parodia‚
392 2239 472 2298 idem
490 2241 721 2317 παρονομασιιῦν
740 2243 771 2298 et
790 2233 978 2318 ἀμφιβολιῶν
996 2240 1141 2300 studium.

123 2342 353 2414 usurpaverunt
379 2357 450 2398 vero
480 2338 577 2415 cynici
604 2337 680 2397 hanc
708 2338 857 2398 rationem
884 2357 944 2397 non
966 2341 1088 2397 tantum
1110 2338 1143 2397 in

121 2435 301 2512 vulgaribus
330 2434 632 2495 sermocinationibus
661 2440 753 2513 atque
781 2436 813 2494 in
841 2434 970 2512 dialogis
997 2439 1028 2495 et
1051 2435 1142 2496 ohn‘is

123 2531 176 2590 sed
200 2533 231 2589 in
255 2533 383 2607 poeticis
408 2551 527 2609 quoque
552 2534 672 2609 scriptis
695 2532 843 2614 παιγνίοις
866 2533 943 2592 aliis.

192 2629 258 2686 Iam
281 2647 352 2687 vero
370 2629 510 2687 nonnulli
529 2648 633 2688 eorum
653 2633 887 2708 composuerunt
904 2632 1045 2706 poemata
1064 2651 1142 2708 qnae

125 2743 243 2784 summo
268 2725 334 2784 iure
358 2729 388 2784 et
410 2725 507 2802 possis
532 2730 563 2785 et
585 2726 694 2786 debeas
717 2746 892 2805 nuncupare
915 2728 1029 2788 sillos.

190 2821 308 2880 Horum
330 2821 447 2898 primus
471 2823 574 2882 extitit
592 2822 717 2884 Crates
738 2825 898 2886 Thebanus
922 2826 1008 2886 cuius
1028 2824 1142 2901 scripta

118 2923 277 2995 tamquam
304 2920 457 2994 exemplar
484 2920 613 2980 maxime
641 2921 760 3000 insigne
787 2925 839 2983 τοῦ
864 2925 1001 2984 Κυνικοῦ
1028 2914 1140 2999 τρόπου

119 3015 238 3093 profert
260 3015 447 3094 Demetrius,
475 3017 510 3077 dc
538 3019 635 3080 οίοοκί.
659 3015 679 3094 ξ
704 3020 767 3079 259
793 3012 836 3100 (p.
857 3022 935 3098 318,
960 3023 978 3080 3
1005 3010 1140 3100 Sprng).

121 3117 259 3175 servatae
286 3112 365 3172 enim
388 3117 460 3174 sunt
483 3118 545 3174 tres
567 3116 714 3194 reliquiae
739 3117 849 3194 quibus
871 3117 1044 3196 philosophi
1067 3115 1141 3175 Stil·

121 3232 182 3288 pon
201 3211 396 3289 Asclepiades
415 3211 567 3272 Phliasius
585 3214 777 3274 Menedemus
796 3216 948 3293 homoque
965 3214 1141 3292 ceteroquin

120 3308 245 3386 ignotus
274 3309 404 3386 Micylus
435 3309 683 3388 perstringuntur
714 3313 851 3374 versibus
879 3312 1060 3372 hexametris
1089 3311 1140 3370 ad-

121 3407 246 3465 modum
281 3407 379 3467 facetc
417 3426 453 3466 ex
489 3406 620 3468 Homero
658 3410 784 3470 detortis
822 3414 914 3486 atque
951 3402 1141 3486 ἀμφιβολιῶν

123 3503 247 3582 egregia
269 3504 418 3567 varietate
442 3505 602 3566 distinctis
636 3526 711 3583 quas
733 3507 813 3567 inter
835 3525 866 3567 se
889 3505 1057 3566 arctissimo
1076 3504 1142 3565 vin-
