2466 3832
358 589 550 661 TABVLA
583 587 875 661 ARGVMENTI

105 795 131 861 1.
154 793 473 864 eonnnurnno
497 822 527 882 p.
547 797 657 864 5-85

150 912 189 976 de
212 915 326 990 σίλλος
347 915 435 980 vocis
458 915 566 980 radice
591 918 623 979 et
645 917 808 999 potestate
831 937 863 1000 p.
882 913 912 981 5.
932 914 952 979 6

149 1009 188 1074 de
212 1012 359 1077 sillorum
382 1013 655 1097 descriptionibus
679 1014 821 1098 antiquis
844 1036 874 1098 p.
895 1012 923 1078 l.
943 1012 962 1077 8
1088 1015 1090 1020 ’

149 1107 188 1173 de
211 1109 420 1196 sillographis
445 1110 577 1176 Graecis
601 1134 631 1196 p.
656 1111 765 1178 8-78

193 1251 232 1316 de
255 1253 391 1318 Timone
414 1253 561 1318 Phliasio
584 1276 614 1338 p.
634 1250 744 1317 8-55

240 1401 255 1456 1
282 1399 318 1457 de
343 1399 476 1458 Timonis
499 1398 674 1476 biographis
696 1419 726 1474 p.
746 1400 853 1456 8-11

237 1497 255 1554 2
281 1497 317 1556 de
338 1496 473 1556 Timonis
491 1497 556 1557 vita
573 1517 602 1572 p.
619 1498 741 1572 8-133
760 1496 796 1555 de
815 1496 880 1556 eius
899 1498 1000 1556 aetate
1016 1517 1045 1572 p.
1063 1497 1118 1573 133

280 1594 316 1653 de
346 1594 411 1653 eius
438 1595 572 1654 moribus
599 1615 628 1671 p.
650 1594 794 1670 14-163
826 1594 863 1654 de
894 1595 959 1654 eins
982 1595 1065 1654 fama
1088 1599 1118 1655 et

280 1690 437 1766 discipulis
459 1713 488 1768 p.
508 1695 563 1768 173
586 1691 622 1750 de
646 1691 781 1751 amicitia
804 1711 896 1769 quam
917 1692 1026 1752 habuit
1048 1711 1118 1752 cum

278 1788 375 1848 Arete
402 1809 431 1866 p.
459 1792 586 1867 17.18,
621 1807 690 1849 cum
717 1788 890 1850 Alexandro
917 1789 1027 1850 Aetolo
1055 1789 1117 1849 Ho-

277 1906 421 1964 meroque
440 1888 557 1967 tragico
571 1909 599 1965 p.
612 1890 661 1947 18.
680 1890 734 1965 193
758 1889 794 1949 de
814 1889 878 1949 eius
897 1889 1006 1947 studiis
1024 1909 1053 1964 p.
1067 1889 1116 1947 19.

279 1987 334 2061 203
354 1986 391 2044 de
411 1985 475 2044 eius
495 1986 615 2062 scriptis
633 2006 662 2061 p.
679 1988 820 2062 20—30,
838 1985 965 2061 poeticis
984 2005 1012 2061 p.
1029 1986 1113 2043 21-

279 2085 329 2157 27,
348 2083 492 2156 prosaicis
507 2104 535 2158 p.
547 2083 687 2158 27-29,
706 2081 815 2141 incerti
828 2083 946 2160 generis
960 2101 988 2158 p.
1006 2084 1056 2142 29.
1074 2084 1116 2142 30

234 2188 252 2247 3
277 2188 314 2248 de
343 2187 477 2246 Timonis
506 2188 582 2246 sillis
605 2208 634 2263 p.
655 2189 799 2264 30—553
832 2189 868 2247 de
896 2189 989 2248 titulo
1014 2209 1042 2264 p.
1064 2189 1115 2264 30,

277 2286 314 2345 de
338 2285 561 2345 commentariis
584 2288 616 2343 et
638 2284 856 2360 expilatoribus
875 2286 1009 2363 antiquis
1027 2305 1056 2361 p.
1073 2287 1113 2344 31

280 2383 374 2458 -35,
393 2383 430 2440 de
448 2383 689 2460 fragmentorum
703 2383 932 2444 collectionibus
946 2405 974 2460 p.
991 2385 1042 2444 35.
1058 2384 1115 2459 363

278 2480 314 2539 de
342 2497 448 2538 eorum
475 2464 655 2557 aigumento
684 2484 715 2539 et
737 2480 834 2540 forma
855 2501 884 2556 p.
900 2481 1045 2556 36—393
1077 2478 1115 2539 de

277 2594 381 2635 eorum
404 2576 600 2651 dispositione
622 2599 651 2654 p.
672 2579 816 2655 39—483
844 2578 881 2638 de
905 2597 1009 2638 eorum
1032 2578 1113 2655 frag-

276 2674 386 2733 mentis
405 2674 505 2733 dubiis
518 2695 547 2751 p.
563 2677 614 2734 49.
630 2677 686 2752 503
705 2677 742 2734 de
757 2695 862 2735 eorum
874 2674 1113 2752 proprietatibus

274 2791 303 2846 p.
319 2773 376 2848 503
400 2771 436 2830 de
460 2772 706 2834 adnotationibus
730 2773 842 2835 criticis
860 2774 952 2833 huius
971 2772 1113 2832 editionis
1151 2786 1156 2795 ·

274 2888 302 2945 p.
319 2871 449 2929 51-55

188 3004 227 3069 de
250 3004 462 3100 Xenophpnis
487 3005 683 3089 Colophonii
708 3007 790 3072 sillis
814 3030 843 3090 p.
863 3006 996 3072 55-64

186 3100 224 3166 de
249 3103 369 3186 cynicis
394 3103 603 3187 sillographis
627 3126 657 3186 p.
676 3104 807 3169 65-78

233 3255 249 3309 1
276 3251 312 3309 de
337 3250 450 3328 cynicis
474 3249 714 3329 σπουδογελοίοις
735 3270 764 3327 p.
781 3252 910 3311 66-72

231 3350 249 3404 2
275 3347 311 3405 de
336 3345 467 3408 Cratetis
491 3347 590 3424 cynici
612 3348 689 3408 sillis
711 3370 740 3426 p.
757 3353 775 3409 7
780 3352 807 3408 2.
824 3353 842 3409 7
846 3351 865 3410 3

228 3446 250 3512 ,3
274 3444 311 3504 de
335 3445 439 3506 Bionis
464 3446 566 3506 satiris
590 3450 620 3506 et
643 3447 720 3507 sillis
742 3468 771 3524 p.
788 3449 917 3510 73-77
