2466 3832
511 149 730 213 „50-

114 303 234 393 Vnger)
253 310 422 383 σναπαίονς
441 304 481 383 ὥς
499 326 592 388 φησιν
606 303 622 371 ὁ
639 309 739 389 Τίμων
753 304 821 385 τοὺς
834 309 1036 391 καλουμένους
1048 309 1131 394 παρά

113 426 170 470 τισι
193 409 366 484 στίλπωνας,
390 409 472 485 quod
495 408 553 468 etsi
575 412 685 486 argnto
709 407 837 470 artifieio
861 408 996 470 adhibito
1015 413 1131 489 poteris

115 506 248 565 Timonis
268 506 345 565 sillis
364 523 484 566 servare
502 505 548 564 ita
565 509 602 564 ut
619 509 709 582 putes
729 507 864 566 extitisse
878 508 973 567 talem
986 509 1049 568 fero
1063 530 1131 571 ver-

115 622 196 663 sum:
220 595 302 664 εἶδον
320 605 473 663 σνανναῖον
491 595 544 663 τὸν
561 599 612 662 καὶ
629 601 776 663 στίλπανα
793 605 925 680 καλοῦσι,
945 624 1005 682 quo
1021 607 1130 668 Timon

117 700 285 778 Stilponem
312 700 464 759 hominem
493 699 675 759 obscaenum
697 691 749 780 (of.
773 699 904 761 Cratetis
927 703 962 760 lr.
986 694 1017 785 Ι)
1041 704 1131 781 quasi

114 817 241 875 nanum,
263 801 300 857 ut
318 798 468 857 Zenonem
491 815 596 875 anum,
621 797 829 876 castigaverit,
852 803 954 858 tamen
977 801 1040 859 leni
1062 821 1129 862 mu-

113 897 229 956 tatione
263 913 332 953 eum
364 895 417 953 Th.
445 887 615 976 Roepero¹)
645 894 768 973 Τίμαιος
799 915 907 956 nomen
938 915 993 973 pro
1029 896 1130 976 Τίμων

114 992 270 1052 scribendo
298 994 365 1051 tota
391 1010 439 1051 res
466 990 646 1051 tam-facilc
675 995 706 1049 et
728 992 818 1068 plene
848 993 1007 1069 expeditur
1033 999 1071 1055 ut
1097 995 1130 1054 in

113 1091 169 1149 hac
193 1088 367 1148 coniectura
391 1088 579 1164 acquiescere
602 1091 744 1163 praestet.

181 1187 247 1245 Iam
270 1203 341 1246 vero
365 1184 533 1244 sillorum
557 1184 776 1244 intellectus
800 1186 850 1245 vel
871 1184 1025 1245 veteribus
1044 1186 1129 1249 visus

114 1289 160 1345 est
191 1286 240 1342 tot
270 1280 503 1340 difficultatibus
531 1280 704 1340 obstructus
733 1299 810 1359 esse,
842 1284 879 1342 ut
906 1284 1128 1345 commentariis

114 1379 319 1459 singularibus
339 1397 390 1439 eos
409 1378 606 1455 explanarent
624 1370 667 1460 (v.
682 1370 796 1459 supra).
834 1378 865 1438 id
884 1379 1006 1457 quidem
1025 1382 1129 1459 aliqua

114 1498 150 1538 ex
168 1480 255 1556 parte
273 1476 344 1535 inde
363 1476 540 1554 explicatur,
560 1476 641 1554 quod
659 1475 788 1536 arctiore
807 1476 846 1534 ad
858 1495 969 1553 ,eorum
988 1479 1130 1539 acumina

112 1574 321 1653 perspicienda
353 1593 428 1651 opus
461 1579 508 1634 est
538 1573 748 1634 familiaritate
778 1591 847 1632 oum
876 1572 998 1634 Graecis
1030 1576 1129 1652 philo·

114 1673 215 1750 sophis
244 1675 411 1748 contracta3
444 1672 497 1731 sed
524 1675 596 1731 sunt
623 1671 716 1730 etiam
742 1670 809 1746 ipsa
836 1671 988 1750 acumina,
1017 1672 1129 1750 quibus

114 1770 175 1829 silli
206 1768 374 1844 abundant,
406 1767 489 1826 haud
519 1786 588 1826 raro
622 1767 831 1846 exquisitiora,
864 1769 1048 1847 aliquotiens
1077 1773 1128 1831 vel

113 1865 330 1925 artificiosiora.
372 1863 404 1922 id
426 1863 550 1941 quidem
572 1881 641 1922 cum
664 1862 802 1923 omnibus
825 1865 946 1941 parodis
969 1883 1128 1926 commune

112 1960 206 2021 habet
224 1961 344 2037 Timon,
369 1960 451 2037 quod
468 1978 580 2037 magna
603 1959 804 2021 cavillationis
828 1961 873 2022 vis
897 1963 976 2023 inest
997 1963 1057 2040 ipsi
1079 1983 1127 2024 ra·

112 2054 190 2120 tioni
217 2077 253 2117 ex
281 2075 342 2134 qua
369 2057 481 2116 detorti
509 2060 581 2116 sunt
608 2057 761 2117 Homerici
788 2077 906 2137 versus,
940 2080 1016 2138 quos
1048 2062 1129 2123 infra

113 2157 235 2235 singula
251 2156 424 2234 fragmenta
444 2173 562 2232 semper
575 2155 679 2215 curavi
693 2155 912 2216 adscribendos.
941 2159 1015 2218 satis
1034 2160 1129 2219 etiam

113 2254 275 2330 conspicua
294 2255 340 2313 est
358 2252 446 2330 copia
464 2252 724 2329 comparationum
743 2255 774 2311 et
792 2252 960 2330 imaginum
977 2254 1128 2315 vividissi-

112 2369 230 2411 mamm
261 2351 591 2427 acerbissimarumque.
638 2351 691 2409 sed
723 2349 846 2426 propria
882 2349 1020 2410 sillorum
1057 2357 1129 2412 sunt

113 2448 173 2508 duo
195 2448 388 2525 potissimum
408 2448 589 2507 facetiarum
607 2465 731 2525 genera,
754 2465 823 2508 oum
841 2446 1077 2510 allitterationes
1097 2455 1128 2509 et

113 2543 421 2623 παραγραμματισμοί,
444 2548 511 2603 tum
529 2544 741 2621 amphiboliae,
766 2562 840 2621 quas
861 2545 968 2604 Timon
990 2547 1023 2604 in
1046 2565 1127 2607 sum·

113 2639 170 2699 mis
198 2639 313 2699 deliciis
336 2640 457 2700 habuit:
482 2644 512 2699 et
534 2643 621 2716 patet
648 2659 739 2717 quam
766 2641 855 2700 facile
884 2641 1021 2721 ambigui
1043 2644 1129 2704 verbi

113 2737 269 2796 involucro
306 2737 382 2796 tecti
417 2738 561 2796 lectorem
597 2755 656 2796 non
693 2738 843 2799 monitum
881 2740 996 2817 egregii
1028 2741 1127 2800 aculei

114 2835 238 2894 lateant.
287 2836 405 2894 tantam
434 2833 562 2910 denique
590 2834 698 2893 Timon
730 2833 789 2893 sibi
816 2837 945 2913 sumpsit
972 2835 1126 2896 licentiam

110 2932 145 2991 in
168 2931 326 3009 cudendis,
349 2931 511 3008 praecipue
534 2931 778 3008 conglutinandis
796 2934 882 2994 novis
900 2933 1069 3011 vocabulis,
1091 2939 1128 2995 ut

113 3029 145 3088 in
163 3029 268 3105 paucis
282 3047 360 3106 quae
379 3031 542 3106 supersunt
559 3027 697 3106 reliquiis
710 3030 780 3106 plus
800 3031 958 3109 sexaginta
976 3033 1127 3108 reperian-

113 3131 166 3187 tur
182 3125 332 3187 vocabula
349 3119 427 3198 ἅπαξ
444 3120 584 3203 εἰρημένα
601 3127 746 3204 pleraque
766 3128 803 3187 ab
822 3129 888 3206 ipso
907 3128 978 3188 ficta
997 3148 1127 3206 quorum

113 3225 194 3284 inira
216 3223 345 3301 apposui
368 3222 496 3284 indicem
520 3241 555 3282 ax
579 3222 752 3284 litterarum
776 3225 879 3287 ordine
903 3225 1064 3303 digestum.

113 3362 326 3376 u—-p———n

160 3445 215 3579 2318)
235 3443 275 3502 (il.
294 3443 430 3502 lleinelrii
447 3460 532 3503 acero.
551 3446 584 3502 ia
602 3445 699 3502 Attea.
719 3445 745 3500 11
762 3443 790 3516 p.
809 3449 844 3501 22
864 3469 897 3490 =
917 3446 992 3502 αναῐ.
1012 3447 1043 3503 in
1061 3446 1125 3501 Ara.

112 3541 141 3594 p.
216 3564 221 3575 .
