2466 3832
548 236 791 301 -128-
896 198 905 209 Ι
1040 257 1181 302 umorue

161 401 246 478 gitur
272 400 355 478 apud
381 402 556 462 Terentium
577 400 650 460 Hec.
673 400 705 459 Π
730 403 758 477 1,
784 402 834 459 17.
879 401 942 458 iam
967 398 1067 477 igitur
1089 399 1181 461 homo

162 499 276 557 stultus
299 497 377 559 Asso
401 498 546 559 oriundus
570 497 682 575 optime
707 496 887 556 describitur
909 496 1011 557 verbis
1035 490 1182 576 μωλύτης,

162 592 248 666 λίθος
273 587 398 668 ”Ασσιος.
452 595 610 672 quaeritur
641 599 743 656 tamen
776 613 836 671 quo
869 589 964 654 ἐπέων
996 594 1181 655 vocabulum

162 691 378 769 interpositum
399 692 559 770 pertineat.
595 692 671 751 mihi
688 691 811 753 videtur
829 692 967 752 consulto
986 692 1098 753 relatio
1119 711 1180 753 esse

163 788 196 847 in
223 789 323 851 medio
349 790 465 850 relicta.
505 809 577 850 nam
598 790 631 850 id
654 789 680 849 si
703 788 742 849 ad
764 782 898 866 μωλύτης
920 790 1079 850 rettuleris
1103 809 1179 851 nova

163 888 299 948 exoritur
333 892 470 964 potestas
505 888 596 948 huius
630 886 773 948 vocabuli
805 886 969 947 derivanda
1002 905 1021 946 a
1053 882 1179 964 μωλύειν

163 976 377 1067 (debilitare)
393 1018 435 1027 —
455 1004 515 1063 que
535 988 660 1062 accepta
674 1004 710 1043 ex
723 984 891 1046 Herodiani
907 987 1017 1063 regula
1030 1005 1060 1062 p.
1077 986 1178 1062 77,14

164 1082 266 1141 Lenta.
285 1083 397 1142 rectius
419 1077 553 1160 μολπής
571 1081 720 1142 scribetur
734 1116 776 1124 -
792 1086 823 1143 et
840 1081 1061 1160 perstringitur
1076 1080 1177 1142 Clean·

164 1179 241 1255 thes,
265 1177 347 1255 quod
369 1178 494 1239 Homeri
517 1179 707 1257 aliorumque
730 1184 891 1257 poetarum
914 1180 1054 1258 egregios
1078 1197 1177 1241 versus

166 1275 328 1352 allegorice
360 1277 579 1353 interpretatus
611 1276 760 1355 infringat
792 1270 875 1359 (vide
908 1279 1082 1356 fragmenta
1113 1275 1177 1337 libri

166 1369 233 1450 περὶ
250 1374 303 1434 τοῦ
321 1377 446 1452 ποιητοῦ
463 1374 496 1432 in
513 1392 582 1435 mea
600 1378 757 1434 comment.
794 1375 831 1435 de
850 1377 968 1436 Zenone
988 1379 1020 1436 61
1037 1374 1176 1436 Cleanthe

165 1470 181 1529 1
204 1491 232 1548 p.
260 1474 300 1530 17
325 1471 510 1532 61111111.
535 1476 553 1532 e
577 1492 606 1550 p.
633 1464 698 1553 rc).
745 1473 900 1550 eleganter
926 1473 1019 1532 simul
1045 1460 1176 1551 respecti

166 1567 301 1628 eiusdem
324 1557 524 1647 explicatione
542 1569 720 1630 Homericae
737 1570 822 1632 vocis
841 1573 923 1649 μῶλυ
949 1589 1011 1648 qua
1029 1570 1177 1632 contendit

166 1665 218 1725 1116
237 1659 436 1747 ἆλληγορικῶς
460 1667 626 1746 δηλοῦσθαι
648 1661 701 1729 τὸν
722 1660 812 1747 λόγον
834 1661 875 1727 δι’
901 1656 938 1728 οὗ
962 1659 1131 1746 palriciaco
1151 1664 1178 1727 αἱ

166 1754 255 1839 ὁρμαὶ
276 1759 326 1823 καὶ
348 1757 383 1822 τὰ
405 1757 491 1841 πάθη
520 1756 572 1846 (cf.
595 1763 736 1840 Apollon.
764 1764 821 1823 lex.
845 1763 967 1824 Homer.
990 1784 1019 1826 1.
1043 1768 1125 1843 μῶλυ
1150 1768 1176 1824 61

166 1859 236 1918 vide
265 1859 483 1936 Sengebuschii
511 1861 580 1919 diss.
606 1859 727 1920 Homer.
751 1860 766 1919 I
789 1883 817 1938 p.
844 1854 900 1943 67)
933 1862 1064 1923 fortasse
1093 1862 1176 1924 etiam

59 2004 66 2011 .
167 1959 294 2017 notatur
316 1954 490 2034 Cleanthes,
523 1956 605 2034 quod
631 1958 670 2016 ad
696 1958 810 2035 placite
838 1977 893 2017 sua
921 1961 1100 2036 exponenda
1121 1978 1175 2020 cer·

168 2054 251 2112 mina
278 2053 425 2132 condidit,
453 2054 485 2112 in
513 2054 623 2131 quibus
650 2054 761 2114 mirum
789 2059 938 2133 quantum
961 2061 1060 2117 metra
1085 2075 1176 2118 corru-

167 2152 255 2229 perit.
303 2151 350 2210 sin
372 2154 477 2211 autem
499 2150 582 2212 vocis
605 2146 739 2229 μωλύτης
761 2155 859 2214 611616
882 2154 1104 2232 significatione
1124 2174 1176 2215 ser·

168 2253 241 2311 vata
263 2244 646 2322 611λύθοςἍσσιος16116
665 2255 800 2327 spectare
819 2248 1052 2330 616111111111,
1076 2254 1178 2315 iterum

167 2347 276 2408 horum
290 2350 418 2408 alteram
431 2348 594 2426 perspicies
609 2348 873 2427 significationem
890 2349 969 2427 lapis
984 2349 1067 2409 enim
1080 2351 1178 2411 Assius
1220 2340 1223 2349 '

168 2446 230 2506 fuit
252 2446 427 2506 notissimus
451 2439 641 2526 σαρκοφάγος
662 2447 773 2524 quippe
792 2447 824 2504 in
843 2466 903 2524 quo
923 2447 1065 2509 conditae
1084 2463 1178 2509 carnea
1221 2526 1223 2533 Ι

169 2545 307 2604 celeriter
325 2543 568 2604 absumerentur:
587 2544 624 2602 cf.
643 2544 720 2603 Plin.
737 2544 806 2603 hist.
821 2548 882 2603 nat.
897 2544 1026 2604 XXXVI
1042 2549 1095 2624 17,
1112 2549 1179 2620 131;
1219 2556 1223 2631 j

170 2641 312 2717 Stephan.
335 2640 407 2716 Byr.
430 2634 582 2711 1.”Λσσος
605 2631 689 2721 (inde
712 2641 816 2718 igitur,
840 2646 877 2701 ut
898 2641 955 2702 hoc
979 2642 1103 2722 addam,
1125 2660 1179 2704 rec·

169 2737 232 2795 tius
256 2754 349 2814 quam
372 2735 515 2797 Straboni
532 2737 608 2796 XIH
630 2756 658 2813 p.
680 2735 775 2797 6100
799 2741 831 2797 ct
855 2738 1008 2816 Stephano
1032 2741 1053 2799 l.
1074 2759 1096 2801 s.
1120 2759 1179 2802 con·

169 2833 243 2911 tigit
264 2833 425 2910 intelleges
448 2833 549 2894 iocum
573 2835 738 2894 Stratonici
761 2835 945 2915 citharistae,
972 2838 1026 2915 qui
1049 2839 1181 2900 similitor

171 2935 264 3008 atque
287 2931 319 2988 in
343 2927 481 2989 Caunum
506 2931 613 2990 urbem
639 2936 718 2992 teste
743 2932 896 3009 Stephano
919 2956 947 2996 r.
972 2936 1098 3010 Καΰνος
1124 2954 1181 2999 ver·

170 3047 238 3089 sum
261 3027 455 3088 Homericum
477 3033 503 3088 Z
528 3032 590 3090 146
614 3030 647 3088 in
670 3029 781 3089 Assum
803 3030 911 3090 urbem
933 3031 1061 3092 Homeri
1081 3032 1181 3101 2141

171 3131 203 3187 61
224 3129 330 3186 11429
350 3121 569 3188 161116”Ασσον
587 3119 632 3187 ἴθ’
655 3121 695 3200 ὥς
713 3149 765 3187 κεν
782 3130 900 3188 θᾶσσον
918 3121 1048 3207 ὀλέθρου
1068 3120 1180 3210 πείραθ’

171 3223 252 3304 ἵκηαι
280 3216 421 3306 detorsit)
446 3271 452 3283 .
477 3225 606 3284 similem
636 3244 708 3286 vero
736 3226 799 3286 vim
828 3229 920 3303 atque
949 3228 1132 3309 sarcophagi
1156 3226 1182 3286 in

170 3323 377 3400 ’6616161611
396 3319 452 3399 ἔπη
471 3323 605 3382 exercuit
623 3321 783 3384 Cleanthes
804 3323 920 3383 duabus
939 3323 1002 3383 illis
1020 3325 1184 3387 rationibus

173 3440 247 3497 quas
272 3439 364 3499 supra
388 3422 520 3497 exposui.
557 3425 714 3498 praeterea
736 3421 836 3481 nescio
862 3439 900 3479 an
918 3421 1055 3500 maligne
1078 3429 1184 3504 etymo·

172 3517 271 3594 logica
303 3537 424 3595 quoque
456 3518 558 3578 studia
587 3515 741 3578 Cleanthis
774 3511 831 3600 (de
864 3518 974 3596 quihus
1007 3520 1080 3583 vide
1107 3522 1184 3583 Ver.

167 3611 206 3669 de
226 3614 302 3691 ling.
325 3616 380 3675 lat.
405 3615 433 3672 V
454 3617 472 3676 9
497 3619 529 3675 et
551 3616 714 3693 specimina
738 3616 888 3694 quaedam
910 3617 946 3676 fr.
967 3619 986 3678 5
1010 3621 1042 3679 et
1063 3613 1123 3706 18)
1142 3636 1185 3699 po·
