2466 3832
480 103 699 168 -59-

81 258 162 344 κτλ).
207 285 268 342 quo
296 267 362 325 loco
391 264 496 324 statim
523 266 622 326 elucet
650 268 825 343 ceteroquin
848 287 866 328 a
889 267 1095 348 grammaticis

80 363 226 423 litteratis
249 363 465 439 Xenophanem
491 362 623 438 primum
651 363 872 440 sillographum
894 368 1096 428 constitutum

82 477 156 520 esse.

148 550 184 639 4)
208 558 334 618 Proclus
363 557 401 616 ad
428 556 564 632 Hesiod,
594 573 639 630 op.
667 561 693 615 ct
715 559 753 616 di.
777 578 805 617 v.
830 559 895 617 284
922 553 1096 636 Ξενοφάνης

82 646 133 713 διὰ
156 646 197 731 δή
217 675 284 714 τινα
305 647 379 732 πρὸς
401 647 471 726 τοὺς
493 647 557 714 κατ’
583 646 676 713 αὐτὸν
698 648 885 732 φιλοσόφους
907 651 956 713 καὶ
974 649 1096 730 ποιητὰς

80 750 283 828 μικροψυχίαν
305 751 422 824 σίλλους
444 744 574 823 ἀτόπους
597 746 730 810 ἐνθεῖναι
753 743 924 830 (συνθεῖναι
947 750 1010 809 cod.
1034 768 1095 827 reg.

55 845 177 934 ,Pane
198 841 301 929 2771)
324 845 434 928 λέγεται
455 841 529 907 κατὰ
552 842 675 908 πάντων
698 842 872 925 φιλοσόφων
890 845 939 908 καί
957 848 1096 922 ποιητῶν.

147 937 182 1026 5)
208 946 329 1006 Tzetces
352 964 399 1022 ap.
418 945 661 1022 Bernhardyium
679 946 718 1005 ad
737 946 827 1005 schol.
841 945 966 1022 Dionys.
980 945 1095 1021 Perieg.

78 1065 107 1120 p.
134 1047 219 1104 1010
248 1037 443 1123 σιλλογροὶφος
469 1045 526 1102 νῦν
554 1035 570 1103 ὁ
593 1037 770 1120 Ξενοφάνης
800 1034 878 1123 (cod.
904 1033 1096 1121 Ζενοφοὶνης)

80 1137 139 1200 ἕσιλ
161 1137 211 1200 ναί
234 1133 250 1201 ὁ
277 1141 378 1218 Τίμων
400 1137 450 1200 καί
473 1136 572 1217 ἕτεροι.

149 1230 183 1319 6)
207 1238 345 1315 Denique
378 1237 409 1295 in
437 1237 528 1296 schol.
552 1237 716 1313 Aristoph,
749 1239 831 1310 equit.
857 1238 919 1296 406
953 1240 984 1295 et
1014 1235 1096 1312 apud

79 1335 193 1394 Eudoo.
217 1356 245 1411 p.
267 1337 307 1394 87
332 1326 509 1410 Ξενοφάνης
537 1330 569 1392 ἐν
598 1333 704 1404 σίλλοις
732 1352 871 1410 unusque
901 1332 966 1390 eius
989 1350 1095 1392 versus

79 1433 217 1491 heroicus
240 1431 393 1489 laudatur.

146 1528 268 1587 Adsunt
295 1526 391 1603 igitur
418 1544 470 1584 sex
497 1525 664 1584 certissima
687 1527 869 1604 testimonia,
893 1526 1003 1604 quibus
1026 1545 1094 1602 pro-

79 1626 169 1685 betur
191 1623 405 1699 Xenophanem
433 1621 587 1696 scripsisse
611 1620 747 1680 versibus
770 1621 951 1682 hexametris
975 1641 1095 1681 carmen

80 1722 232 1800 quoddam
264 1739 323 1797 quc
354 1723 461 1795 poetas
493 1717 749 1795 philosophosque
782 1719 877 1778 irrisit
903 1720 1095 1797 potissimum

77 1822 202 1896 propter
235 1817 389 1894 opiniones
422 1816 459 1874 de
493 1815 539 1874 dis
572 1816 715 1892 prolatas.
768 1815 818 1873 cui
845 1817 972 1876 carmini
998 1818 1094 1877 Xeno-

80 1917 194 1993 phanes
217 1914 294 1972 nihil
316 1913 510 1990 inscripserit,
536 1911 643 1972 σίλλων
664 1913 791 1972 titulum
813 1914 1005 1990 grammatici
1022 1933 1095 1974 non-

81 2013 160 2072 nulli
182 2011 360 2086 inscripsere
384 2010 527 2069 eommoti
548 2011 655 2087 procul
674 2010 766 2070 dubio
785 2010 993 2087 similitudine,
1018 2029 1095 2086 quae

83 2111 162 2170 inter
184 2107 319 2168 Timonis
343 2106 428 2166 sillos
451 2108 484 2164 et
505 2106 562 2165 hoc
584 2126 692 2182 poema
715 2109 927 2185 intercederet,
956 2109 1010 2166 alii
1032 2102 1098 2184 ίοίμ-

81 2206 322 2286 paganorunt,
346 2203 400 2262 alii
423 2202 552 2278 denique
574 2201 736 2281 παρῳδίας.
767 2223 838 2262 nam
860 2205 965 2263 nullus
988 2204 1095 2263 dubito

81 2304 155 2381 quin
168 2301 329 2385 παρῳδιῶν
344 2301 550 2377 fragmentum
563 2299 602 2358 ab
615 2298 772 2360 Athenaeo
786 2301 818 2359 Π
831 2321 860 2377 p.
872 2296 927 2360 54⁰
941 2305 1095 2360 servatum

81 2400 215 2461 eiusdem
238 2397 379 2458 carminis
403 2388 484 2477 sie).
525 2396 677 2456 falluntur
700 2397 779 2456 enim
803 2397 856 2474 qui
877 2389 1031 2478 censent²)
1050 2398 1095 2456 in-

83 2515 148 2557 esse
169 2497 219 2556 hio
242 2496 367 2556 senilem
389 2495 542 2572 quandam
564 2494 751 2555 hilaritatem
773 2513 897 2570 prorsus
921 2495 959 2554 ab
980 2494 1094 2554 acerbis

78 2594 202 2654 Homeri
224 2593 409 2670 Hesiodique
433 2592 622 2652 irrisionibus
646 2592 865 2653 abhorrentem.
906 2611 1036 2669 namque
1059 2595 1095 2651 ut

77 2690 192 2752 servati
209 2691 372 2768 fragmenti
385 2709 489 2751 versus
503 2688 686 2767 respondent
700 2682 816 2768 elegiae
829 2691 944 2768 primae
958 2689 1095 2750 versibus

80 2791 120 2849 19
145 2792 176 2849 et
200 2787 251 2865 20,
274 2779 448 2865 ἀνδρῶνδ’
472 2788 568 2849 αἰνεῖν
589 2781 708 2863 τοῦτον,
735 2781 769 2861 ὃς
791 2781 884 2848 ἐσθλὰ
906 2780 984 2848 malo
1006 2779 1095 2847 ἄνα-

76 2887 198 2964 φαίνει
219 2881 223 2963 λ
245 2878 290 2957 ὥς
317 2883 353 2944 οἱ
376 2879 575 2964 μνημόσυν’
599 2873 634 2965 ᾖ,
662 2885 704 2944 sic
732 2884 928 2946 statuendum
951 2888 999 2944 est
1025 2903 1093 2961 pro-

75 2985 171 3045 ximos
203 2984 265 3043 iam
296 3001 357 3042 non
389 2983 568 3058 superstites
597 2982 785 3058 respondisse
816 2982 951 3041 eiusdem
978 2982 1093 3060 elegiae

148 3173 175 3239 1)
200 3168 278 3223 idem
308 3169 475 3222 censuerunt
501 3166 648 3235 Menagius
675 3165 712 3219 ad
739 3165 832 3222 Laert.
850 3166 932 3235 Diog.
951 3164 990 3218 IX
1010 3169 1043 3220 18
1064 3168 1094 3220 et

77 3247 307 3304 Schneidewinus
334 3245 366 3301 in
393 3245 462 3300 utar.
490 3243 595 3312 antiqu
626 3249 694 3298 1848
722 3262 750 3314 p.
770 3250 831 3312 tro,
858 3246 908 3300 del.
935 3259 1009 3314 poce.
1041 3245 1093 3315 lyr.

77 3345 105 3398 p·
125 3334 172 3476 4(ί)
192 3404 347 3461 Welandus
356 3405 376 3461 1.
388 3422 408 3460 a.
419 3423 446 3475 p.
460 3408 493 3458 21
509 3404 539 3458 et
552 3400 716 3457 Karstenins
733 3420 760 3472 p.
771 3406 821 3469 δίς
840 3401 885 3457 his
906 3402 1036 3458 similiter
1052 3403 1094 3458 iu·

73 3486 150 3542 dieat
168 3484 287 3541 Kernius
305 3485 325 3542 l.
345 3503 366 3542 s.
