2466 3832
472 126 693 190 -814

76 314 147 356 enm
178 295 353 370 loquentem
385 290 459 349 faoit
491 291 523 349 in
553 290 776 362 Ιοονοκιεκλμμο
808 292 839 349 et
870 289 1089 365 Necyomantia,

76 412 137 470 quo
159 392 237 451 libro
263 390 432 450 Luoianum
450 387 585 463 Menippi
601 381 738 446 Νέκυιαν
759 386 914 447 imitatum
937 405 1001 447 esse
1025 388 1090 450 veri

75 509 137 551 non
164 493 212 549 est
233 488 387 549 dissimile.
428 485 565 562 Denique
589 485 621 542 in
642 484 700 543 Bis
722 488 856 544 accusato
879 476 914 564 (ξ
937 477 994 566 33)
1017 486 1089 545 Dia-

75 589 165 666 logus
188 589 314 666 questus
338 603 369 645 se
388 603 406 644 a
425 584 560 643 Lucieno
578 583 657 643 male
676 582 803 641 tractari
818 582 953 658 Menippi
971 585 1089 643 aemulo

77 677 257 766 (Μένιππόν
288 705 354 744 τινα
380 682 439 741 τῶν
466 681 601 740 παλαιῶν
632 680 734 739 κυνῶν
761 673 839 756 μάλα
866 672 1022 740 ὑλακτικὸν
1051 674 1090 753 ῶς

77 781 162 843 δοκεῖ
180 779 231 842 καλ
253 774 402 859 κάρχαρον
425 823 431 835 .
453 824 460 838 .
480 824 487 838 .
509 769 682 856 ἕπεισήγαγέ
706 768 770 858 μοι)
798 778 997 837 lamentatur:
1028 781 1091 850 πῶς

77 867 134 940 οὖν
152 873 189 941 οὔ
208 871 293 940 δεινῶ
311 871 453 956 ὕβρισμαι
470 868 570 953 μηκέτ’
592 870 711 934 derived
730 873 840 935 οἰκείου
864 868 1008 952 σχήματος
1027 873 1092 934 δια-

77 973 189 1055 psov,
216 967 290 1037 ἀλλὰ
317 971 498 1054 κωμῳδῶν
524 967 575 1031 καὶ
601 972 853 1050 γελωτοποιῶν
880 967 930 1031 καὶ
958 964 1092 1033 ὑποθέ-

77 1089 152 1146 σεις
180 1062 358 1143 ἀλλοκότους
385 1060 673 1147 ὑποκρινόμενος
702 1061 796 1152 αιἰτῶς
830 1061 862 1129 τὸ
889 1061 945 1148 γὰρ
972 1062 1094 1130 πάντων

78 1163 280 1245 ἄκοιτῶιατον,
315 1165 421 1244 κρᾶσίν
452 1186 518 1226 τινα
549 1158 721 1244 παράδοξον
751 1162 893 1244 κέκραμαι
924 1164 973 1226 καὶ
1008 1162 1093 1229 οὔτε

78 1260 181 1339 πεζός
210 1264 269 1345 εἰμι
300 1257 381 1326 οὔτε
412 1259 469 1323 ἐπὶ
500 1264 568 1322 τῶν
600 1258 733 1341 μέτρων
765 1260 878 1342 βέβηκα
910 1258 972 1326 ἄλλ’
1008 1265 1093 1326 ἱππο-

78 1357 242 1441 κενταύρου
266 1361 353 1440 δίκην
376 1353 554 1420 σύνθετόν
576 1382 603 1418 τι
621 1355 672 1419 καὶ
693 1356 779 1431 ξένου
803 1355 906 1439 φάσμα
928 1366 989 1434 τοῖς
1007 1356 1094 1423 ἄκου-

80 1478 149 1522 ουσι
176 1451 301 1542 δοκῶῑ),
328 1458 439 1537 quibus
466 1457 566 1519 verbis
594 1456 677 1517 vides
706 1476 798 1534 quarn
825 1461 929 1534 aperte
952 1459 1093 1536 Menippo

80 1557 212 1615 mixtum
243 1556 319 1615 illud
349 1574 444 1634 genus
473 1558 504 1614 et
532 1554 620 1632 quasi
650 1556 772 1632 sartago
801 1555 949 1632 quaedam
977 1556 1094 1618 dioendi

83 1653 280 1714 adscribetur.

151 1748 207 1809 His
233 1747 327 1826 igitur
354 1748 469 1826 satiris,
502 1766 577 1826 ques
607 1747 797 1808 irrisionibus
828 1749 973 1809 statuisse
1002 1751 1095 1812 etiam

83 1847 204 1907 Diocles
222 1847 303 1922 apud
315 1846 473 1906 Laertium
487 1846 553 1906 loeo
568 1864 660 1923 supra
675 1837 717 1926 (p,
728 1838 785 1928 78)
800 1848 938 1924 apposito
953 1851 1094 1927 testatur,

81 1944 258 2023 perstrinxit
288 1944 448 2021 Menippus
484 1944 624 2021 physicos
656 1944 886 2004 mathematicos
921 1949 1094 2023 grammati-

81 2034 178 2124 oos²);
211 2041 407 2119 singulariter
433 2041 587 2101 lacessivit
613 2041 778 2118 Epicureos
805 2046 931 2119 propter
956 2044 1096 2120 magistri

81 2228 228 2299 Menippus
251 2227 327 2282 enim
348 2226 462 2296 fingitur
484 2226 606 2282 Tiresiae
629 2227 742 2280 demum
766 2225 883 2281 oonsilio
911 2226 979 2282 talis
1004 2229 1095 2282 reddi-

82 2309 127 2364 tus
146 2323 207 2363 esse
225 2307 323 2375 homo,
350 2306 462 2376 qualem
481 2307 558 2361 sein
576 2305 697 2360 vivendo
721 2307 750 2360 et
768 2305 915 2360 scribendo
934 2306 1096 2374 praebuerit

83 2390 148 2458 (21),
168 2404 231 2442 eum
250 2389 336 2442 antea
353 2385 530 2456 philosophis
549 2401 578 2439 se
598 2385 706 2441 dederit
724 2388 756 2440 ut
775 2385 896 2440 disseret
914 2380 984 2440 ὁδὸν
1003 2382 1096 2455 ἁπλῆν

83 2465 132 2522 καὶ
150 2465 268 2539 βέβαιον
286 2466 336 2520 τοῦ
357 2467 420 2537 βίου
439 2468 450 2536 (
468 2468 485 2534 ).

155 2549 181 2616 1)
201 2544 315 2615 Optime
333 2546 407 2600 huno
425 2546 519 2600 locum
536 2545 643 2614 primus
663 2544 792 2600 adhibuit
809 2544 919 2600 Riesius
939 2563 966 2614 p.
988 2551 1027 2600 11.

154 2628 181 2695 2)
204 2624 236 2679 In
254 2625 361 2679 Laertii
381 2625 431 2696 (VI
451 2629 512 2695 101)
533 2624 662 2694 catalogo
685 2626 750 2694 post
774 2624 844 2680 alios
862 2625 988 2696 Menippi
1011 2626 1097 2682 libros

84 2703 238 2763 edomatur
255 2705 285 2760 hi
308 2702 379 2776 πρὸς
397 2701 463 2767 τοὺς
481 2701 620 2775 φυσικοὺς
638 2704 687 2757 καὶ
706 2701 925 2775 μαθηματικοὺς
943 2703 992 2760 καὶ
1011 2726 1098 2777 γραμ-

84 2782 231 2856 ματικούς,
251 2801 321 2853 quos
339 2802 423 2841 unam
443 2785 558 2840 satiram
576 2784 686 2838 efficere
701 2785 769 2839 olim
784 2786 903 2840 eredidit
919 2785 1098 2855 Fritasehius,

85 2866 117 2921 de
125 2867 219 2935 οοκίμτ.
229 2870 280 2919 sat.
292 2864 330 2920 IV
340 2884 368 2935 p.
379 2870 404 2933 8,
415 2868 472 2919 tres
482 2862 576 2934 potius
585 2880 660 2918 nune
670 2861 745 2918 idem
756 2865 855 2920 statuit
866 2864 972 2936 proleg.
983 2866 1097 2920 Lusian.

85 2943 141 2999 112
158 2961 186 3014 p.
200 2942 329 3011 XXXVI,
348 2945 451 3000 rectius
471 2943 547 2998 haud
566 2943 662 3008 dubie3
682 2943 737 2997 hue
755 2944 825 2998 facit
844 2943 929 2999 etiarn
948 2943 1027 2999 loeus
1046 2944 1098 2997 Lu-

86 3023 199 3080 eianeas
212 3022 433 3093 Necyomantiee
448 3025 513 3094 (21),
533 3040 588 3091 quo
608 3021 775 3077 describitur
793 3023 902 3091 optima
922 3039 1005 3092 quam
1020 3022 1099 3092 sequi

86 3100 198 3158 iubetur
221 3101 366 3158 aTiresia
383 3103 533 3172 Menippus
551 3101 665 3158 vivendi
683 3101 756 3156 ratio
775 3097 790 3155 ὁ
811 3102 866 3155 τῶν
886 3101 1006 3157 ἰδιωτῶν
1031 3103 1098 3174 βίος,

87 3174 156 3237 ῶστα
180 3181 228 3250 τῆς
250 3176 414 3251 ἀφροσύνης
439 3178 621 3251 παυσάμενος
647 3181 696 3234 τοῦ
721 3185 939 3250 μετεωρολογεῖν
962 3180 1011 3234 καὶ
1033 3179 1098 3249 τέλη

88 3259 137 3315 καὶ
154 3255 244 3331 ῶρχολς
263 3259 428 3316 ἐπισκοπεῖν
442 3259 491 3314 καὶ
505 3256 685 3321 καταπτύσας
699 3261 756 3312 τῶν
771 3260 867 3327 σοφῶν
881 3256 988 3313 τούτων
1003 3263 1099 3314 συλλο-

87 3341 192 3411 γισμῶν
206 3340 255 3396 καὶ
269 3335 302 3393 τοὶ
324 3341 442 3395 τοιαῦτα
461 3340 547 3409 λῆρον
565 3333 744 3408 ἱνησοὶμενος
761 3339 844 3392 τοῦτο
859 3334 948 3406 μόνον
963 3333 992 3403 ἐξ
1007 3332 1099 3393 ῶτιαν-

88 3436 135 3482 τος
151 3415 292 3491 θήρασαι,
311 3414 388 3481 ὅπως
405 3413 437 3471 τὸ
457 3414 550 3486 παρὸν
569 3411 602 3473 εὖ
620 3415 745 3487 θέμενος
763 3417 935 3488 παραδραμςῆ
955 3417 1044 3487 γελῶν
1063 3415 1101 3472 τοὶ

89 3495 184 3554 πολλά.

141 3596 248 3646 Oorpuso.
262 3597 293 3636 11.
512 3594 514 3598 ’
942 3587 963 3634 b
