<?xml version="1.0" encoding="UTF-8"?>
<!DOCTYPE html PUBLIC "-//W3C//DTD XHTML 1.0 Transitional//EN"
    "http://www.w3.org/TR/xhtml1/DTD/xhtml1-transitional.dtd">
<html xmlns="http://www.w3.org/1999/xhtml" xml:lang="en" lang="en">
 <head>
  <title>
</title>
<meta http-equiv="Content-Type" content="text/html;charset=utf-8" />
  <meta name='ocr-system' content='tesseract 3.04.00' />
  <meta name='ocr-capabilities' content='ocr_page ocr_carea ocr_par ocr_line ocrx_word'/>
</head>
<body>
  <div class='ocr_page' id='page_1' title='image "./sillographorvmg00timogoog_0128.png"; bbox 0 0 2466 3832; ppageno 0'>
   <div class='ocr_carea' id='block_1_1' title="bbox 105 80 745 152">
    <p class='ocr_par' dir='ltr' id='par_1_1' title="bbox 105 80 745 152">
     <span class='ocr_line' id='line_1_1' title="bbox 105 80 745 152; baseline 0.005 -10"><span class='ocrx_word' id='word_1_1' title='bbox 105 100 156 143; x_wconf 71' lang='lat' dir='ltr'>nn</span> <span class='ocrx_word' id='word_1_2' title='bbox 169 100 289 143; x_wconf 82' lang='lat' dir='ltr'>xx.xx1</span> <span class='ocrx_word' id='word_1_3' title='bbox 502 115 547 125; x_wconf 96' lang='lat'><em>-</em></span> <span class='ocrx_word' id='word_1_4' title='bbox 593 80 657 152; x_wconf 80' lang='lat'>123</span> <span class='ocrx_word' id='word_1_5' title='bbox 703 115 745 126; x_wconf 91' lang='lat'>-</span> 
     </span>
    </p>
   </div>
   <div class='ocr_carea' id='block_1_2' title="bbox 177 233 407 302">
    <p class='ocr_par' dir='ltr' id='par_1_2' title="bbox 177 233 407 302">
     <span class='ocr_line' id='line_1_2' title="bbox 177 233 407 302; baseline -0.004 -14"><span class='ocrx_word' id='word_1_6' title='bbox 177 234 330 302; x_wconf 78' lang='grc' dir='ltr'><strong><em>κορίαννον</em></strong></span> <span class='ocrx_word' id='word_1_7' title='bbox 352 233 407 288; x_wconf 76' lang='lat' dir='ltr'>Vn</span> 
     </span>
    </p>
   </div>
   <div class='ocr_carea' id='block_1_3' title="bbox 71 401 1134 2816">
    <p class='ocr_par' dir='ltr' id='par_1_3' title="bbox 71 401 1134 2816">
     <span class='ocr_line' id='line_1_3' title="bbox 82 401 1128 479; baseline 0.002 -17"><span class='ocrx_word' id='word_1_8' title='bbox 82 467 85 473; x_wconf 62' lang='grc'><strong>,</strong></span> <span class='ocrx_word' id='word_1_9' title='bbox 174 419 272 462; x_wconf 84' lang='lat' dir='ltr'>comm.</span> <span class='ocrx_word' id='word_1_10' title='bbox 304 401 389 461; x_wconf 90' lang='lat' dir='ltr'>Inter</span> <span class='ocrx_word' id='word_1_11' title='bbox 420 402 583 463; x_wconf 86' lang='lat' dir='ltr'>vilissimos</span> <span class='ocrx_word' id='word_1_12' title='bbox 615 401 697 479; x_wconf 86' lang='lat' dir='ltr'>apud</span> <span class='ocrx_word' id='word_1_13' title='bbox 726 401 855 462; x_wconf 79' lang='lat' dir='ltr'>Graecos</span> <span class='ocrx_word' id='word_1_14' title='bbox 889 402 970 463; x_wconf 88' lang='lat' dir='ltr'>cibos</span> <span class='ocrx_word' id='word_1_15' title='bbox 1003 405 1128 465; x_wconf 89' lang='lat' dir='ltr'>fuerunt</span> 
     </span>
     <span class='ocr_line' id='line_1_4' title="bbox 106 498 1127 578; baseline 0.001 -19"><span class='ocrx_word' id='word_1_16' title='bbox 106 498 276 578; x_wconf 79' lang='lat' dir='ltr'>legumina,</span> <span class='ocrx_word' id='word_1_17' title='bbox 315 516 392 575; x_wconf 88' lang='lat' dir='ltr'>quae</span> <span class='ocrx_word' id='word_1_18' title='bbox 429 500 480 561; x_wconf 86' lang='lat' dir='ltr'>vel</span> <span class='ocrx_word' id='word_1_19' title='bbox 510 498 702 577; x_wconf 80' lang='lat' dir='ltr'><strong>frigebantur</strong></span> <span class='ocrx_word' id='word_1_20' title='bbox 732 500 782 562; x_wconf 87' lang='lat' dir='ltr'>vel</span> <span class='ocrx_word' id='word_1_21' title='bbox 813 499 845 558; x_wconf 92' lang='lat' dir='ltr'>in</span> <span class='ocrx_word' id='word_1_22' title='bbox 877 499 1001 559; x_wconf 92' lang='lat' dir='ltr'>modum</span> <span class='ocrx_word' id='word_1_23' title='bbox 1032 502 1127 576; x_wconf 90' lang='lat' dir='ltr'>pultis</span> 
     </span>
     <span class='ocr_line' id='line_1_5' title="bbox 107 589 1128 677; baseline 0 -21"><span class='ocrx_word' id='word_1_24' title='bbox 107 595 325 673; x_wconf 76' lang='lat' dir='ltr'>coquebantur,</span> <span class='ocrx_word' id='word_1_25' title='bbox 349 595 448 672; x_wconf 87' lang='lat' dir='ltr'>lupini</span> <span class='ocrx_word' id='word_1_26' title='bbox 470 597 664 673; x_wconf 88' lang='lat' dir='ltr'>potissimum</span> <span class='ocrx_word' id='word_1_27' title='bbox 687 600 719 657; x_wconf 92' lang='lat' dir='ltr'>et</span> <span class='ocrx_word' id='word_1_28' title='bbox 741 599 838 656; x_wconf 91' lang='lat' dir='ltr'>lentes</span> <span class='ocrx_word' id='word_1_29' title='bbox 862 589 913 677; x_wconf 91' lang='lat' dir='ltr'>(de</span> <span class='ocrx_word' id='word_1_30' title='bbox 936 597 1069 657; x_wconf 89' lang='lat' dir='ltr'>lentibus</span> <span class='ocrx_word' id='word_1_31' title='bbox 1091 599 1128 657; x_wconf 89' lang='lat' dir='ltr'>cf.</span> 
     </span>
     <span class='ocr_line' id='line_1_6' title="bbox 107 686 1128 775; baseline 0.001 -23"><span class='ocrx_word' id='word_1_32' title='bbox 107 692 320 770; x_wconf 85' lang='lat' dir='ltr'>Wiskemann,</span> <span class='ocrx_word' id='word_1_33' title='bbox 357 694 404 752; x_wconf 82' lang='lat' dir='ltr'>dic</span> <span class='ocrx_word' id='word_1_34' title='bbox 440 695 538 754; x_wconf 79' lang='lat' dir='ltr'>autito</span> <span class='ocrx_word' id='word_1_35' title='bbox 568 694 838 768; x_wconf 73' lang='lat' dir='ltr'>Laodwc&#39;rttschcyt</span> <span class='ocrx_word' id='word_1_36' title='bbox 867 714 896 771; x_wconf 90' lang='lat' dir='ltr'>p.</span> <span class='ocrx_word' id='word_1_37' title='bbox 922 698 964 754; x_wconf 90' lang='lat'>10</span> <span class='ocrx_word' id='word_1_38' title='bbox 992 694 1059 754; x_wconf 88' lang='lat' dir='ltr'>adn.</span> <span class='ocrx_word' id='word_1_39' title='bbox 1084 686 1128 775; x_wconf 78' lang='lat'>2).</span> 
     </span>
     <span class='ocr_line' id='line_1_7' title="bbox 71 788 1128 870; baseline 0.001 -20"><span class='ocrx_word' id='word_1_40' title='bbox 71 818 74 825; x_wconf 93' lang='lat'>·</span> <span class='ocrx_word' id='word_1_41' title='bbox 107 791 151 850; x_wconf 90' lang='lat' dir='ltr'>sic</span> <span class='ocrx_word' id='word_1_42' title='bbox 178 789 362 869; x_wconf 83' lang='lat' dir='ltr'>generaliter</span> <span class='ocrx_word' id='word_1_43' title='bbox 385 790 462 867; x_wconf 76' lang='grc' dir='ltr'><strong><em>μᾶζα</em></strong></span> <span class='ocrx_word' id='word_1_44' title='bbox 483 788 533 850; x_wconf 84' lang='grc' dir='ltr'>καὶ</span> <span class='ocrx_word' id='word_1_45' title='bbox 556 792 638 868; x_wconf 90' lang='grc' dir='ltr'><strong><em>φακῆ</em></strong></span> <span class='ocrx_word' id='word_1_46' title='bbox 662 790 745 868; x_wconf 90' lang='lat' dir='ltr'>apud</span> <span class='ocrx_word' id='word_1_47' title='bbox 767 792 930 870; x_wconf 71' lang='lat' dir='ltr'>Plutarch,</span> <span class='ocrx_word' id='word_1_48' title='bbox 958 811 1018 852; x_wconf 89' lang='lat' dir='ltr'>non</span> <span class='ocrx_word' id='word_1_49' title='bbox 1040 810 1128 869; x_wconf 88' lang='lat' dir='ltr'>posse</span> 
     </span>
     <span class='ocr_line' id='line_1_8' title="bbox 108 882 1130 968; baseline 0.001 -21"><span class='ocrx_word' id='word_1_50' title='bbox 108 905 193 949; x_wconf 85' lang='lat' dir='ltr'>suav.</span> <span class='ocrx_word' id='word_1_51' title='bbox 230 887 294 948; x_wconf 82' lang='lat' dir='ltr'>vivi</span> <span class='ocrx_word' id='word_1_52' title='bbox 322 906 378 946; x_wconf 90' lang='lat' dir='ltr'>sec.</span> <span class='ocrx_word' id='word_1_53' title='bbox 406 888 491 964; x_wconf 80' lang='lat' dir='ltr'>Epic.</span> <span class='ocrx_word' id='word_1_54' title='bbox 516 906 540 947; x_wconf 88' lang='lat' dir='ltr'>c.</span> <span class='ocrx_word' id='word_1_55' title='bbox 567 889 606 948; x_wconf 91' lang='grc'>16</span> <span class='ocrx_word' id='word_1_56' title='bbox 631 908 660 964; x_wconf 93' lang='lat' dir='ltr'>p.</span> <span class='ocrx_word' id='word_1_57' title='bbox 686 882 794 949; x_wconf 61' lang='lat'>10979</span> <span class='ocrx_word' id='word_1_58' title='bbox 819 889 1019 968; x_wconf 74' lang='lat' dir='ltr'>similiterque</span> <span class='ocrx_word' id='word_1_59' title='bbox 1047 889 1130 966; x_wconf 91' lang='lat' dir='ltr'>apud</span> 
     </span>
     <span class='ocr_line' id='line_1_9' title="bbox 109 977 1130 1066; baseline 0.001 -21"><span class='ocrx_word' id='word_1_60' title='bbox 109 983 265 1045; x_wconf 78' lang='lat' dir='ltr'>Oratetem</span> <span class='ocrx_word' id='word_1_61' title='bbox 282 985 422 1061; x_wconf 79' lang='lat' dir='ltr'>cynicum</span> <span class='ocrx_word' id='word_1_62' title='bbox 441 977 492 1066; x_wconf 82' lang='lat' dir='ltr'>(fr.</span> <span class='ocrx_word' id='word_1_63' title='bbox 510 988 551 1046; x_wconf 91' lang='lat'>10</span> <span class='ocrx_word' id='word_1_64' title='bbox 569 977 695 1066; x_wconf 82' lang='lat' dir='ltr'>Bergk.)</span> <span class='ocrx_word' id='word_1_65' title='bbox 715 987 813 1046; x_wconf 91' lang='lat' dir='ltr'>lentes</span> <span class='ocrx_word' id='word_1_66' title='bbox 832 989 914 1047; x_wconf 89' lang='lat' dir='ltr'>solae</span> <span class='ocrx_word' id='word_1_67' title='bbox 933 991 1130 1065; x_wconf 84' lang='lat' dir='ltr'>opponuntur</span> 
     </span>
     <span class='ocr_line' id='line_1_10' title="bbox 107 1082 1129 1163; baseline 0.002 -21"><span class='ocrx_word' id='word_1_68' title='bbox 107 1082 203 1143; x_wconf 87' lang='lat' dir='ltr'>lautis</span> <span class='ocrx_word' id='word_1_69' title='bbox 222 1083 321 1160; x_wconf 90' lang='lat' dir='ltr'>epulis</span> <span class='ocrx_word' id='word_1_70' title='bbox 339 1084 496 1142; x_wconf 91' lang='lat' dir='ltr'>hominum</span> <span class='ocrx_word' id='word_1_71' title='bbox 515 1084 750 1161; x_wconf 80' lang='lat' dir='ltr'>elegantiorem:</span> <span class='ocrx_word' id='word_1_72' title='bbox 773 1103 828 1144; x_wconf 92' lang='lat' dir='ltr'>nec</span> <span class='ocrx_word' id='word_1_73' title='bbox 847 1086 1014 1163; x_wconf 80' lang='lat' dir='ltr'>quidquam</span> <span class='ocrx_word' id='word_1_74' title='bbox 1032 1085 1129 1163; x_wconf 83' lang='lat' dir='ltr'>magis</span> 
     </span>
     <span class='ocr_line' id='line_1_11' title="bbox 106 1173 1130 1264; baseline 0.001 -24"><span class='ocrx_word' id='word_1_75' title='bbox 106 1180 272 1240; x_wconf 86' lang='lat' dir='ltr'>ridiculum</span> <span class='ocrx_word' id='word_1_76' title='bbox 285 1180 408 1241; x_wconf 82' lang='lat' dir='ltr'>videtur</span> <span class='ocrx_word' id='word_1_77' title='bbox 420 1181 575 1241; x_wconf 77' lang='lat' dir='ltr'>Demetrio</span> <span class='ocrx_word' id='word_1_78' title='bbox 595 1173 647 1262; x_wconf 79' lang='lat' dir='ltr'>(de</span> <span class='ocrx_word' id='word_1_79' title='bbox 662 1183 773 1242; x_wconf 89' lang='lat' dir='ltr'>elocut.</span> <span class='ocrx_word' id='word_1_80' title='bbox 788 1176 868 1264; x_wconf 79' lang='grc'><strong>170)</strong></span> <span class='ocrx_word' id='word_1_81' title='bbox 883 1200 976 1260; x_wconf 91' lang='lat' dir='ltr'>quam</span> <span class='ocrx_word' id='word_1_82' title='bbox 990 1184 1017 1241; x_wconf 91' lang='lat' dir='ltr'>si</span> <span class='ocrx_word' id='word_1_83' title='bbox 1030 1185 1130 1259; x_wconf 81' lang='grc' dir='ltr'><strong><em>φακῆς</em></strong></span> 
     </span>
     <span class='ocr_line' id='line_1_12' title="bbox 108 1271 1130 1360; baseline -0.004 -20"><span class='ocrx_word' id='word_1_84' title='bbox 108 1271 256 1360; x_wconf 66' lang='grc' dir='ltr'><strong><em>ἐγκώμιον</em></strong></span> <span class='ocrx_word' id='word_1_85' title='bbox 279 1278 391 1355; x_wconf 90' lang='lat' dir='ltr'>aliquis</span> <span class='ocrx_word' id='word_1_86' title='bbox 415 1279 524 1339; x_wconf 79' lang='lat' dir='ltr'>recitet</span> <span class='ocrx_word' id='word_1_87' title='bbox 546 1279 626 1338; x_wconf 88' lang='lat' dir='ltr'>inter</span> <span class='ocrx_word' id='word_1_88' title='bbox 648 1279 780 1355; x_wconf 85' lang='lat' dir='ltr'>gulosos.</span> <span class='ocrx_word' id='word_1_89' title='bbox 818 1279 865 1336; x_wconf 92' lang='lat' dir='ltr'>his</span> <span class='ocrx_word' id='word_1_90' title='bbox 886 1278 983 1355; x_wconf 81' lang='lat' dir='ltr'>igitur</span> <span class='ocrx_word' id='word_1_91' title='bbox 1001 1278 1130 1355; x_wconf 81' lang='lat' dir='ltr'>dapibus</span> 
     </span>
     <span class='ocr_line' id='line_1_13' title="bbox 107 1367 1129 1454; baseline -0.002 -18"><span class='ocrx_word' id='word_1_92' title='bbox 107 1374 246 1436; x_wconf 87' lang='lat' dir='ltr'>contenti</span> <span class='ocrx_word' id='word_1_93' title='bbox 276 1376 403 1437; x_wconf 86' lang='lat' dir='ltr'>fuerunt</span> <span class='ocrx_word' id='word_1_94' title='bbox 438 1376 551 1454; x_wconf 80' lang='lat' dir='ltr'>cynici,</span> <span class='ocrx_word' id='word_1_95' title='bbox 588 1375 675 1435; x_wconf 87' lang='lat' dir='ltr'>velut</span> <span class='ocrx_word' id='word_1_96' title='bbox 706 1367 788 1452; x_wconf 81' lang='grc' dir='ltr'><strong><em>κῆρα</em></strong></span> <span class='ocrx_word' id='word_1_97' title='bbox 820 1378 851 1434; x_wconf 94' lang='lat' dir='ltr'>et</span> <span class='ocrx_word' id='word_1_98' title='bbox 882 1372 1005 1451; x_wconf 77' lang='grc' dir='ltr'><strong><em>θέρμων</em></strong></span> <span class='ocrx_word' id='word_1_99' title='bbox 1036 1374 1129 1453; x_wconf 81' lang='grc' dir='ltr'><strong><em>χοῖνιξ</em></strong></span> 
     </span>
     <span class='ocr_line' id='line_1_14' title="bbox 108 1469 1130 1550; baseline -0.003 -17"><span class='ocrx_word' id='word_1_100' title='bbox 108 1476 268 1549; x_wconf 58' lang='lat' dir='ltr'>tammam</span> <span class='ocrx_word' id='word_1_101' title='bbox 300 1473 360 1533; x_wconf 94' lang='lat' dir='ltr'>duo</span> <span class='ocrx_word' id='word_1_102' title='bbox 393 1474 570 1550; x_wconf 78' lang='lat' dir='ltr'>cynicorum</span> <span class='ocrx_word' id='word_1_103' title='bbox 596 1471 749 1548; x_wconf 87' lang='lat' dir='ltr'>prodeunt</span> <span class='ocrx_word' id='word_1_104' title='bbox 776 1470 914 1548; x_wconf 87' lang='lat' dir='ltr'>symbola</span> <span class='ocrx_word' id='word_1_105' title='bbox 941 1471 974 1528; x_wconf 92' lang='lat' dir='ltr'>in</span> <span class='ocrx_word' id='word_1_106' title='bbox 998 1469 1130 1531; x_wconf 79' lang='lat' dir='ltr'>Cratetis</span> 
     </span>
     <span class='ocr_line' id='line_1_15' title="bbox 108 1559 1130 1652; baseline -0.006 -19"><span class='ocrx_word' id='word_1_107' title='bbox 108 1588 202 1633; x_wconf 79' lang='lat' dir='ltr'>versu</span> <span class='ocrx_word' id='word_1_108' title='bbox 239 1570 405 1631; x_wconf 85' lang='lat' dir='ltr'>clarissimo</span> <span class='ocrx_word' id='word_1_109' title='bbox 441 1562 492 1652; x_wconf 80' lang='lat' dir='ltr'>(fr.</span> <span class='ocrx_word' id='word_1_110' title='bbox 523 1572 541 1630; x_wconf 90' lang='grc'><strong>6</strong></span> <span class='ocrx_word' id='word_1_111' title='bbox 575 1559 702 1649; x_wconf 82' lang='lat' dir='ltr'>Bergk.)</span> <span class='ocrx_word' id='word_1_112' title='bbox 740 1571 772 1627; x_wconf 85' lang='lat' dir='ltr'>et</span> <span class='ocrx_word' id='word_1_113' title='bbox 808 1568 941 1629; x_wconf 89' lang='lat' dir='ltr'>lentibus</span> <span class='ocrx_word' id='word_1_114' title='bbox 977 1568 1130 1645; x_wconf 81' lang='lat' dir='ltr'>Diogenes</span> 
     </span>
     <span class='ocr_line' id='line_1_16' title="bbox 110 1659 1131 1749; baseline -0.003 -21"><span class='ocrx_word' id='word_1_115' title='bbox 110 1667 235 1746; x_wconf 85' lang='lat' dir='ltr'>cynicus</span> <span class='ocrx_word' id='word_1_116' title='bbox 256 1667 339 1728; x_wconf 85' lang='lat' dir='ltr'>vesci</span> <span class='ocrx_word' id='word_1_117' title='bbox 362 1669 471 1729; x_wconf 88' lang='lat' dir='ltr'>solitus</span> <span class='ocrx_word' id='word_1_118' title='bbox 495 1671 542 1729; x_wconf 88' lang='lat' dir='ltr'>est</span> <span class='ocrx_word' id='word_1_119' title='bbox 565 1659 617 1748; x_wconf 82' lang='lat' dir='ltr'>(cf.</span> <span class='ocrx_word' id='word_1_120' title='bbox 636 1667 736 1726; x_wconf 87' lang='lat' dir='ltr'>Laert.</span> <span class='ocrx_word' id='word_1_121' title='bbox 755 1667 844 1745; x_wconf 84' lang='lat' dir='ltr'>Diog.</span> <span class='ocrx_word' id='word_1_122' title='bbox 863 1660 989 1749; x_wconf 72' lang='grc'><strong>7117).</strong></span> <span class='ocrx_word' id='word_1_123' title='bbox 1030 1668 1131 1727; x_wconf 87' lang='lat' dir='ltr'>Zenon</span> 
     </span>
     <span class='ocr_line' id='line_1_17' title="bbox 108 1763 1131 1842; baseline -0.003 -15"><span class='ocrx_word' id='word_1_124' title='bbox 108 1784 182 1827; x_wconf 80' lang='lat' dir='ltr'>vcro</span> <span class='ocrx_word' id='word_1_125' title='bbox 215 1764 269 1841; x_wconf 92' lang='lat' dir='ltr'>qui</span> <span class='ocrx_word' id='word_1_126' title='bbox 297 1763 450 1827; x_wconf 83' lang='lat' dir='ltr'>Oratetem</span> <span class='ocrx_word' id='word_1_127' title='bbox 477 1766 571 1825; x_wconf 91' lang='lat' dir='ltr'>etiam</span> <span class='ocrx_word' id='word_1_128' title='bbox 598 1763 630 1822; x_wconf 92' lang='lat' dir='ltr'>in</span> <span class='ocrx_word' id='word_1_129' title='bbox 657 1764 757 1825; x_wconf 87' lang='lat' dir='ltr'>victus</span> <span class='ocrx_word' id='word_1_130' title='bbox 785 1764 981 1842; x_wconf 70' lang='lat' dir='ltr'>simplicitate</span> <span class='ocrx_word' id='word_1_131' title='bbox 1009 1769 1131 1824; x_wconf 87' lang='lat' dir='ltr'>secutus</span> 
     </span>
     <span class='ocr_line' id='line_1_18' title="bbox 111 1853 1131 1946; baseline 0 -24"><span class='ocrx_word' id='word_1_132' title='bbox 111 1866 158 1923; x_wconf 90' lang='lat' dir='ltr'>est</span> <span class='ocrx_word' id='word_1_133' title='bbox 181 1853 225 1944; x_wconf 85' lang='lat' dir='ltr'>(v.</span> <span class='ocrx_word' id='word_1_134' title='bbox 240 1880 345 1922; x_wconf 91' lang='lat' dir='ltr'>comm.</span> <span class='ocrx_word' id='word_1_135' title='bbox 362 1863 401 1922; x_wconf 90' lang='lat' dir='ltr'>ad</span> <span class='ocrx_word' id='word_1_136' title='bbox 415 1865 450 1923; x_wconf 84' lang='lat' dir='ltr'>fr.</span> <span class='ocrx_word' id='word_1_137' title='bbox 466 1856 535 1946; x_wconf 76' lang='lat' dir='ltr'>XX)</span> <span class='ocrx_word' id='word_1_138' title='bbox 559 1862 687 1922; x_wconf 85' lang='lat' dir='ltr'>ridicule</span> <span class='ocrx_word' id='word_1_139' title='bbox 711 1881 729 1922; x_wconf 91' lang='lat' dir='ltr'>a</span> <span class='ocrx_word' id='word_1_140' title='bbox 751 1866 843 1940; x_wconf 88' lang='lat' dir='ltr'>poeta</span> <span class='ocrx_word' id='word_1_141' title='bbox 865 1863 1045 1940; x_wconf 89' lang='lat' dir='ltr'>producitur</span> <span class='ocrx_word' id='word_1_142' title='bbox 1066 1865 1131 1939; x_wconf 91' lang='lat' dir='ltr'>ipse</span> 
     </span>
     <span class='ocr_line' id='line_1_19' title="bbox 109 1958 1133 2036; baseline -0.004 -16"><span class='ocrx_word' id='word_1_143' title='bbox 109 1958 277 2036; x_wconf 89' lang='lat' dir='ltr'>discipulos</span> <span class='ocrx_word' id='word_1_144' title='bbox 305 1963 400 2020; x_wconf 91' lang='lat' dir='ltr'>artem</span> <span class='ocrx_word' id='word_1_145' title='bbox 428 1963 483 2020; x_wconf 88' lang='lat' dir='ltr'>has</span> <span class='ocrx_word' id='word_1_146' title='bbox 510 1961 672 2021; x_wconf 88' lang='lat' dir='ltr'>lenticulas</span> <span class='ocrx_word' id='word_1_147' title='bbox 696 1960 845 2036; x_wconf 90' lang='lat' dir='ltr'>coquendi</span> <span class='ocrx_word' id='word_1_148' title='bbox 868 1961 977 2020; x_wconf 91' lang='lat' dir='ltr'>docens</span> <span class='ocrx_word' id='word_1_149' title='bbox 1001 1964 1032 2020; x_wconf 90' lang='lat' dir='ltr'>et</span> <span class='ocrx_word' id='word_1_150' title='bbox 1052 1961 1133 2019; x_wconf 93' lang='lat' dir='ltr'>inter</span> 
     </span>
     <span class='ocr_line' id='line_1_20' title="bbox 110 2056 1132 2136; baseline -0.003 -19"><span class='ocrx_word' id='word_1_151' title='bbox 110 2056 174 2117; x_wconf 87' lang='lat' dir='ltr'>alia</span> <span class='ocrx_word' id='word_1_152' title='bbox 205 2057 262 2116; x_wconf 92' lang='lat' dir='ltr'>hoc</span> <span class='ocrx_word' id='word_1_153' title='bbox 296 2077 416 2136; x_wconf 91' lang='lat' dir='ltr'>quoque</span> <span class='ocrx_word' id='word_1_154' title='bbox 448 2058 636 2135; x_wconf 90' lang='lat' dir='ltr'>praecipiens</span> <span class='ocrx_word' id='word_1_155' title='bbox 668 2061 705 2116; x_wconf 94' lang='lat' dir='ltr'>ut</span> <span class='ocrx_word' id='word_1_156' title='bbox 731 2057 813 2133; x_wconf 90' lang='lat' dir='ltr'>pulti</span> <span class='ocrx_word' id='word_1_157' title='bbox 840 2056 1031 2115; x_wconf 89' lang='lat' dir='ltr'>immisceant</span> <span class='ocrx_word' id='word_1_158' title='bbox 1058 2057 1132 2115; x_wconf 91' lang='lat' dir='ltr'>duo-</span> 
     </span>
     <span class='ocr_line' id='line_1_21' title="bbox 111 2152 1133 2232; baseline -0.003 -18"><span class='ocrx_word' id='word_1_159' title='bbox 111 2152 260 2214; x_wconf 85' lang='lat' dir='ltr'>decimam</span> <span class='ocrx_word' id='word_1_160' title='bbox 292 2155 443 2215; x_wconf 88' lang='lat' dir='ltr'>coriandri</span> <span class='ocrx_word' id='word_1_161' title='bbox 472 2158 598 2232; x_wconf 88' lang='lat' dir='ltr'>partem.</span> <span class='ocrx_word' id='word_1_162' title='bbox 656 2172 717 2231; x_wconf 94' lang='lat' dir='ltr'>qua</span> <span class='ocrx_word' id='word_1_163' title='bbox 749 2153 867 2212; x_wconf 88' lang='lat' dir='ltr'>ratione</span> <span class='ocrx_word' id='word_1_164' title='bbox 900 2153 1070 2230; x_wconf 84' lang='lat' dir='ltr'>castigatur</span> <span class='ocrx_word' id='word_1_165' title='bbox 1102 2156 1133 2212; x_wconf 88' lang='lat' dir='ltr'>et</span> 
     </span>
     <span class='ocr_line' id='line_1_22' title="bbox 110 2242 1133 2331; baseline -0.001 -21"><span class='ocrx_word' id='word_1_166' title='bbox 110 2251 242 2311; x_wconf 88' lang='lat' dir='ltr'>barbara</span> <span class='ocrx_word' id='word_1_167' title='bbox 261 2253 388 2313; x_wconf 87' lang='lat' dir='ltr'>Zenonis</span> <span class='ocrx_word' id='word_1_168' title='bbox 406 2250 592 2330; x_wconf 89' lang='lat' dir='ltr'>parsimonia</span> <span class='ocrx_word' id='word_1_169' title='bbox 611 2242 653 2331; x_wconf 85' lang='lat' dir='ltr'>(v.</span> <span class='ocrx_word' id='word_1_170' title='bbox 673 2268 765 2326; x_wconf 90' lang='lat' dir='ltr'>supra</span> <span class='ocrx_word' id='word_1_171' title='bbox 784 2267 889 2308; x_wconf 92' lang='lat' dir='ltr'>comm.</span> <span class='ocrx_word' id='word_1_172' title='bbox 904 2249 943 2307; x_wconf 89' lang='lat' dir='ltr'>ad</span> <span class='ocrx_word' id='word_1_173' title='bbox 956 2250 993 2307; x_wconf 73' lang='lat' dir='ltr'>ir.</span> <span class='ocrx_word' id='word_1_174' title='bbox 1007 2242 1078 2331; x_wconf 79' lang='lat' dir='ltr'>XX)</span> <span class='ocrx_word' id='word_1_175' title='bbox 1102 2254 1133 2309; x_wconf 93' lang='lat' dir='ltr'>et</span> 
     </span>
     <span class='ocr_line' id='line_1_23' title="bbox 113 2340 1133 2426; baseline -0.003 -19"><span class='ocrx_word' id='word_1_176' title='bbox 113 2347 278 2409; x_wconf 90' lang='lat' dir='ltr'>stoicorum</span> <span class='ocrx_word' id='word_1_177' title='bbox 293 2350 439 2426; x_wconf 88' lang='lat' dir='ltr'>doctrina,</span> <span class='ocrx_word' id='word_1_178' title='bbox 459 2368 495 2408; x_wconf 85' lang='lat' dir='ltr'>ex</span> <span class='ocrx_word' id='word_1_179' title='bbox 514 2365 575 2425; x_wconf 85' lang='lat' dir='ltr'>qua</span> <span class='ocrx_word' id='word_1_180' title='bbox 593 2340 609 2406; x_wconf 83' lang='grc' dir='ltr'>ὁ</span> <span class='ocrx_word' id='word_1_181' title='bbox 624 2340 719 2423; x_wconf 82' lang='grc' dir='ltr'><strong><em>σοφός</em></strong></span> <span class='ocrx_word' id='word_1_182' title='bbox 737 2348 846 2405; x_wconf 89' lang='lat' dir='ltr'>cuncta</span> <span class='ocrx_word' id='word_1_183' title='bbox 862 2345 988 2404; x_wconf 87' lang='lat' dir='ltr'>minima</span> <span class='ocrx_word' id='word_1_184' title='bbox 1001 2346 1133 2405; x_wconf 84' lang='lat' dir='ltr'>maxima</span> 
     </span>
     <span class='ocr_line' id='line_1_24' title="bbox 113 2443 1133 2524; baseline -0.003 -18"><span class='ocrx_word' id='word_1_185' title='bbox 113 2464 194 2506; x_wconf 90' lang='lat' dir='ltr'>unus</span> <span class='ocrx_word' id='word_1_186' title='bbox 223 2447 358 2506; x_wconf 89' lang='lat' dir='ltr'>omnium</span> <span class='ocrx_word' id='word_1_187' title='bbox 385 2446 498 2524; x_wconf 92' lang='lat' dir='ltr'>optime</span> <span class='ocrx_word' id='word_1_188' title='bbox 527 2444 651 2521; x_wconf 89' lang='lat' dir='ltr'>calleat;</span> <span class='ocrx_word' id='word_1_189' title='bbox 680 2443 762 2522; x_wconf 91' lang='lat' dir='ltr'>quod</span> <span class='ocrx_word' id='word_1_190' title='bbox 784 2462 845 2502; x_wconf 92' lang='lat' dir='ltr'>non</span> <span class='ocrx_word' id='word_1_191' title='bbox 866 2443 969 2519; x_wconf 89' lang='lat' dir='ltr'>potuit</span> <span class='ocrx_word' id='word_1_192' title='bbox 991 2444 1133 2503; x_wconf 83' lang='lat' dir='ltr'>festivius</span> 
     </span>
     <span class='ocr_line' id='line_1_25' title="bbox 112 2541 1134 2620; baseline -0.002 -17"><span class='ocrx_word' id='word_1_193' title='bbox 112 2542 206 2603; x_wconf 90' lang='lat' dir='ltr'>rideri</span> <span class='ocrx_word' id='word_1_194' title='bbox 238 2562 330 2620; x_wconf 90' lang='lat' dir='ltr'>quam</span> <span class='ocrx_word' id='word_1_195' title='bbox 362 2547 428 2604; x_wconf 89' lang='lat' dir='ltr'>arte</span> <span class='ocrx_word' id='word_1_196' title='bbox 461 2543 610 2603; x_wconf 88' lang='lat' dir='ltr'>culinaria</span> <span class='ocrx_word' id='word_1_197' title='bbox 638 2542 681 2602; x_wconf 91' lang='lat' dir='ltr'>sic</span> <span class='ocrx_word' id='word_1_198' title='bbox 709 2541 748 2602; x_wconf 85' lang='lat' dir='ltr'>ad</span> <span class='ocrx_word' id='word_1_199' title='bbox 775 2541 940 2602; x_wconf 88' lang='lat' dir='ltr'>stoicorum</span> <span class='ocrx_word' id='word_1_200' title='bbox 966 2541 1134 2619; x_wconf 90' lang='lat' dir='ltr'>principem</span> 
     </span>
     <span class='ocr_line' id='line_1_26' title="bbox 111 2637 1133 2718; baseline 0 -19"><span class='ocrx_word' id='word_1_201' title='bbox 111 2640 220 2717; x_wconf 83' lang='lat' dir='ltr'>relata,</span> <span class='ocrx_word' id='word_1_202' title='bbox 242 2641 421 2717; x_wconf 87' lang='lat' dir='ltr'>praesertim</span> <span class='ocrx_word' id='word_1_203' title='bbox 445 2660 514 2700; x_wconf 92' lang='lat' dir='ltr'>cum</span> <span class='ocrx_word' id='word_1_204' title='bbox 536 2641 632 2702; x_wconf 90' lang='lat' dir='ltr'>lentes</span> <span class='ocrx_word' id='word_1_205' title='bbox 654 2659 784 2718; x_wconf 91' lang='lat' dir='ltr'>coquere</span> <span class='ocrx_word' id='word_1_206' title='bbox 802 2643 867 2698; x_wconf 86' lang='lat' dir='ltr'>tam</span> <span class='ocrx_word' id='word_1_207' title='bbox 884 2637 1000 2697; x_wconf 90' lang='lat' dir='ltr'>nullius</span> <span class='ocrx_word' id='word_1_208' title='bbox 1018 2639 1133 2716; x_wconf 81' lang='lat' dir='ltr'>negotii</span> 
     </span>
     <span class='ocr_line' id='line_1_27' title="bbox 114 2728 1134 2816; baseline -0.005 -17"><span class='ocrx_word' id='word_1_209' title='bbox 114 2738 163 2816; x_wconf 88' lang='lat' dir='ltr'>sit,</span> <span class='ocrx_word' id='word_1_210' title='bbox 187 2741 224 2798; x_wconf 91' lang='lat' dir='ltr'>ut</span> <span class='ocrx_word' id='word_1_211' title='bbox 246 2737 307 2797; x_wconf 82' lang='lat' dir='ltr'>inm</span> <span class='ocrx_word' id='word_1_212' title='bbox 331 2737 413 2815; x_wconf 86' lang='lat' dir='ltr'>apud</span> <span class='ocrx_word' id='word_1_213' title='bbox 436 2739 578 2816; x_wconf 91' lang='lat' dir='ltr'>antiquos</span> <span class='ocrx_word' id='word_1_214' title='bbox 602 2738 731 2798; x_wconf 92' lang='lat' dir='ltr'>comicos</span> <span class='ocrx_word' id='word_1_215' title='bbox 754 2739 857 2814; x_wconf 90' lang='grc' dir='ltr'><strong><em>φακῆν</em></strong></span> <span class='ocrx_word' id='word_1_216' title='bbox 878 2732 963 2812; x_wconf 76' lang='grc' dir='ltr'><strong><em>ἕψειν</em></strong></span> <span class='ocrx_word' id='word_1_217' title='bbox 982 2728 1134 2794; x_wconf 78' lang='grc' dir='ltr'><strong><em>διδάσκειν</em></strong></span> 
     </span>
    </p>
   </div>
   <div class='ocr_carea' id='block_1_4' title="bbox 111 2824 1134 3497">
    <p class='ocr_par' dir='ltr' id='par_1_4' title="bbox 111 2824 1134 3497">
     <span class='ocr_line' id='line_1_28' title="bbox 114 2824 1133 2913; baseline -0.006 -17"><span class='ocrx_word' id='word_1_218' title='bbox 114 2855 212 2913; x_wconf 90' lang='lat' dir='ltr'>paene</span> <span class='ocrx_word' id='word_1_219' title='bbox 240 2836 272 2894; x_wconf 92' lang='lat' dir='ltr'>in</span> <span class='ocrx_word' id='word_1_220' title='bbox 295 2836 517 2912; x_wconf 86' lang='lat' dir='ltr'>proverbialem</span> <span class='ocrx_word' id='word_1_221' title='bbox 539 2855 630 2896; x_wconf 88' lang='lat' dir='ltr'>usum</span> <span class='ocrx_word' id='word_1_222' title='bbox 652 2834 762 2894; x_wconf 88' lang='lat' dir='ltr'>abierit</span> <span class='ocrx_word' id='word_1_223' title='bbox 785 2824 837 2913; x_wconf 81' lang='lat' dir='ltr'>(cf.</span> <span class='ocrx_word' id='word_1_224' title='bbox 860 2832 1015 2908; x_wconf 84' lang='lat' dir='ltr'>Aristoph.</span> <span class='ocrx_word' id='word_1_225' title='bbox 1040 2830 1133 2909; x_wconf 79' lang='lat' dir='ltr'>Gery-</span> 
     </span>
     <span class='ocr_line' id='line_1_29' title="bbox 111 2929 1132 3009; baseline -0.003 -16"><span class='ocrx_word' id='word_1_226' title='bbox 111 2932 175 2993; x_wconf 85' lang='lat' dir='ltr'>tad.</span> <span class='ocrx_word' id='word_1_227' title='bbox 198 2933 235 2992; x_wconf 80' lang='lat' dir='ltr'>fr,</span> <span class='ocrx_word' id='word_1_228' title='bbox 260 2935 322 2993; x_wconf 84' lang='lat'>201</span> <span class='ocrx_word' id='word_1_229' title='bbox 348 2931 446 3009; x_wconf 86' lang='lat' dir='ltr'>Dind,</span> <span class='ocrx_word' id='word_1_230' title='bbox 472 2934 533 2993; x_wconf 83' lang='lat'>159</span> <span class='ocrx_word' id='word_1_231' title='bbox 558 2933 662 3009; x_wconf 82' lang='lat' dir='ltr'>Xock.‚</span> <span class='ocrx_word' id='word_1_232' title='bbox 685 2930 850 3007; x_wconf 79' lang='lat' dir='ltr'>Antiphon.</span> <span class='ocrx_word' id='word_1_233' title='bbox 870 2929 994 2989; x_wconf 88' lang='lat' dir='ltr'>Homoe.</span> <span class='ocrx_word' id='word_1_234' title='bbox 1012 2929 1048 2988; x_wconf 84' lang='lat' dir='ltr'>fr.</span> <span class='ocrx_word' id='word_1_235' title='bbox 1070 2932 1132 2990; x_wconf 88' lang='grc'>173</span> 
     </span>
     <span class='ocr_line' id='line_1_30' title="bbox 113 3021 1134 3110; baseline -0.006 -19"><span class='ocrx_word' id='word_1_236' title='bbox 113 3030 204 3092; x_wconf 89' lang='lat' dir='ltr'>Mein.</span> <span class='ocrx_word' id='word_1_237' title='bbox 220 3034 251 3090; x_wconf 93' lang='lat' dir='ltr'>et</span> <span class='ocrx_word' id='word_1_238' title='bbox 264 3021 382 3110; x_wconf 67' lang='grc' dir='ltr'><strong><em>ΚοοΙο).</em></strong></span> <span class='ocrx_word' id='word_1_239' title='bbox 411 3029 463 3088; x_wconf 87' lang='lat' dir='ltr'>sed</span> <span class='ocrx_word' id='word_1_240' title='bbox 482 3030 557 3088; x_wconf 93' lang='lat' dir='ltr'>mire</span> <span class='ocrx_word' id='word_1_241' title='bbox 571 3047 643 3088; x_wconf 88' lang='lat' dir='ltr'>sane</span> <span class='ocrx_word' id='word_1_242' title='bbox 656 3028 717 3087; x_wconf 93' lang='lat' dir='ltr'>loci</span> <span class='ocrx_word' id='word_1_243' title='bbox 731 3028 809 3086; x_wconf 91' lang='lat' dir='ltr'>sales</span> <span class='ocrx_word' id='word_1_244' title='bbox 824 3026 959 3102; x_wconf 86' lang='lat' dir='ltr'>corrupit</span> <span class='ocrx_word' id='word_1_245' title='bbox 973 3026 1134 3103; x_wconf 85' lang='lat' dir='ltr'>Bergkius,</span> 
     </span>
     <span class='ocr_line' id='line_1_31' title="bbox 113 3118 1134 3205; baseline -0.003 -19"><span class='ocrx_word' id='word_1_246' title='bbox 113 3128 168 3205; x_wconf 92' lang='lat' dir='ltr'>qui</span> <span class='ocrx_word' id='word_1_247' title='bbox 180 3127 265 3188; x_wconf 89' lang='lat' dir='ltr'>Poet.</span> <span class='ocrx_word' id='word_1_248' title='bbox 280 3129 336 3205; x_wconf 90' lang='lat' dir='ltr'>lyr.</span> <span class='ocrx_word' id='word_1_249' title='bbox 353 3126 402 3186; x_wconf 79' lang='lat' dir='ltr'>(ir.</span> <span class='ocrx_word' id='word_1_250' title='bbox 416 3127 448 3186; x_wconf 90' lang='lat' dir='ltr'><strong>H</strong></span> <span class='ocrx_word' id='word_1_251' title='bbox 463 3147 493 3203; x_wconf 90' lang='lat' dir='ltr'>p.</span> <span class='ocrx_word' id='word_1_252' title='bbox 509 3118 587 3186; x_wconf 76' lang='lat'><strong>368⁴</strong></span> <span class='ocrx_word' id='word_1_253' title='bbox 610 3126 690 3184; x_wconf 92' lang='lat' dir='ltr'>hunc</span> <span class='ocrx_word' id='word_1_254' title='bbox 708 3143 831 3185; x_wconf 90' lang='lat' dir='ltr'>versum</span> <span class='ocrx_word' id='word_1_255' title='bbox 849 3123 960 3185; x_wconf 87' lang='lat' dir='ltr'>statuit</span> <span class='ocrx_word' id='word_1_256' title='bbox 979 3142 1015 3182; x_wconf 84' lang='lat' dir='ltr'>ex</span> <span class='ocrx_word' id='word_1_257' title='bbox 1037 3123 1134 3199; x_wconf 89' lang='lat' dir='ltr'>ipsius</span> 
     </span>
     <span class='ocr_line' id='line_1_32' title="bbox 116 3211 1134 3304; baseline -0.004 -19"><span class='ocrx_word' id='word_1_258' title='bbox 116 3224 245 3285; x_wconf 88' lang='lat' dir='ltr'>Zenonis</span> <span class='ocrx_word' id='word_1_259' title='bbox 264 3224 396 3285; x_wconf 88' lang='lat' dir='ltr'>carmine</span> <span class='ocrx_word' id='word_1_260' title='bbox 415 3223 519 3301; x_wconf 91' lang='lat' dir='ltr'>aliquo</span> <span class='ocrx_word' id='word_1_261' title='bbox 535 3214 573 3304; x_wconf 80' lang='lat'>(1)</span> <span class='ocrx_word' id='word_1_262' title='bbox 592 3221 724 3298; x_wconf 89' lang='lat' dir='ltr'>petitum</span> <span class='ocrx_word' id='word_1_263' title='bbox 742 3238 807 3280; x_wconf 92' lang='lat' dir='ltr'>esse</span> <span class='ocrx_word' id='word_1_264' title='bbox 826 3219 908 3298; x_wconf 91' lang='lat' dir='ltr'>quod</span> <span class='ocrx_word' id='word_1_265' title='bbox 926 3222 1026 3298; x_wconf 88' lang='grc' dir='ltr'><strong><em>φακῆς</em></strong></span> <span class='ocrx_word' id='word_1_266' title='bbox 1044 3211 1134 3300; x_wconf 74' lang='grc' dir='ltr'><strong><em>ἐγκώ-</em></strong></span> 
     </span>
     <span class='ocr_line' id='line_1_33' title="bbox 115 3317 1134 3398; baseline -0.002 -18"><span class='ocrx_word' id='word_1_267' title='bbox 115 3343 181 3398; x_wconf 75' lang='grc' dir='ltr'><strong><em>μιον</em></strong></span> <span class='ocrx_word' id='word_1_268' title='bbox 200 3321 316 3382; x_wconf 93' lang='lat' dir='ltr'>dictum</span> <span class='ocrx_word' id='word_1_269' title='bbox 329 3322 371 3383; x_wconf 90' lang='lat' dir='ltr'>sit</span> <span class='ocrx_word' id='word_1_270' title='bbox 384 3341 403 3382; x_wconf 91' lang='lat' dir='ltr'>a</span> <span class='ocrx_word' id='word_1_271' title='bbox 415 3320 571 3382; x_wconf 87' lang='lat' dir='ltr'>Demetrio</span> <span class='ocrx_word' id='word_1_272' title='bbox 586 3319 622 3379; x_wconf 94' lang='lat' dir='ltr'>de</span> <span class='ocrx_word' id='word_1_273' title='bbox 638 3319 795 3394; x_wconf 79' lang='lat' dir='ltr'>eloo.170‚</span> <span class='ocrx_word' id='word_1_274' title='bbox 815 3317 860 3378; x_wconf 90' lang='lat' dir='ltr'>ita</span> <span class='ocrx_word' id='word_1_275' title='bbox 877 3321 914 3378; x_wconf 94' lang='lat' dir='ltr'>ut</span> <span class='ocrx_word' id='word_1_276' title='bbox 932 3335 1010 3394; x_wconf 86' lang='lat' dir='ltr'>quae</span> <span class='ocrx_word' id='word_1_277' title='bbox 1026 3319 1134 3381; x_wconf 84' lang='lat' dir='ltr'>Timon</span> 
     </span>
     <span class='ocr_line' id='line_1_34' title="bbox 115 3415 1134 3497; baseline 0.002 -24"><span class='ocrx_word' id='word_1_278' title='bbox 115 3418 269 3479; x_wconf 81' lang='lat' dir='ltr'>malitiose</span> <span class='ocrx_word' id='word_1_279' title='bbox 288 3420 424 3481; x_wconf 85' lang='lat' dir='ltr'>finxisset</span> <span class='ocrx_word' id='word_1_280' title='bbox 441 3420 506 3497; x_wconf 87' lang='lat' dir='ltr'>ipse</span> <span class='ocrx_word' id='word_1_281' title='bbox 525 3417 666 3478; x_wconf 91' lang='lat' dir='ltr'>credulus</span> <span class='ocrx_word' id='word_1_282' title='bbox 685 3415 861 3476; x_wconf 89' lang='lat' dir='ltr'>admitteret</span> <span class='ocrx_word' id='word_1_283' title='bbox 878 3419 1036 3492; x_wconf 90' lang='lat' dir='ltr'>tamquam</span> <span class='ocrx_word' id='word_1_284' title='bbox 1053 3435 1134 3478; x_wconf 87' lang='lat' dir='ltr'>vera.</span> 
     </span>
    </p>
   </div>
   <div class='ocr_carea' id='block_1_5' title="bbox 519 3553 734 3566">
    <p class='ocr_par' dir='ltr' id='par_1_5' title="bbox 519 3553 734 3566">
     <span class='ocr_line' id='line_1_35' title="bbox 519 3553 734 3566; baseline -0.019 0"><span class='ocrx_word' id='word_1_285' title='bbox 519 3553 734 3566; x_wconf 80' lang='lat'><strong>-.--—-—-</strong></span> 
     </span>
    </p>
   </div>
   <div class='ocr_carea' id='block_1_6' title="bbox 0 0 1248 3832">
    <p class='ocr_par' dir='ltr' id='par_1_6' title="bbox 0 0 1248 3832">
     <span class='ocr_line' id='line_1_36' title="bbox 0 0 1248 3832; baseline 0 0"><span class='ocrx_word' id='word_1_286' title='bbox 0 0 1248 3832; x_wconf 95' lang='lat' dir='ltr'> </span> 
     </span>
    </p>
   </div>
  </div>
 </body>
</html>
