2466 3832
106 181 155 222 ru.
170 181 197 221 1.
212 180 244 220 nr
490 190 531 199 -
581 154 641 218 171
691 191 733 200 -

106 323 192 382 Brut.
216 322 267 397 85,
292 321 371 396 2923
395 317 431 377 (le
456 317 533 377 offic.
556 318 572 376 Ι
596 309 757 398 30,108).
802 319 919 380 mutari
941 319 1038 397 igitur
1059 320 1121 378 tra·

108 419 206 479 ditum
229 410 385 487 ὑπακτικός
403 416 435 474 in
453 407 613 487 ῦπαστικός
636 406 734 496 (quod
751 414 856 474 fictum
874 433 938 475 ease
958 416 1066 493 opinor
1084 413 1123 476 ad

107 534 245 576 normam
262 504 570 594 1111111ποίγροικος),
592 512 773 589 praesertim
795 529 864 571 cum
883 503 1050 585 ῦπαττικός
1072 512 1123 574 vix

109 613 169 673 dici
195 596 343 688 potuerit,
372 598 458 669 cuius
477 603 608 670 Ἀττικὸν
630 611 762 688 μυκτῆρα
786 626 888 669 omnes
915 607 1030 686 norint,
1059 609 1122 670 sive

108 710 264 769 laudarint
286 709 349 769 1111
372 707 628 784 reprehenderint.

174 807 259 866 Duas
277 809 436 883 praeterea
455 806 574 865 Timoni
591 823 715 883 prorsus
734 803 903 881 peculiares
921 802 1123 880 proprietates

108 904 142 962 in
162 904 224 964 'hoc
251 905 422 982 fragmento
447 903 688 964 animadvertere
713 905 771 981 est,
794 901 927 978 primum
949 899 1123 960 annomina-

110 1001 225 1060 tionem
247 1001 279 1060 in
302 1001 402 1062 verbis
421 993 533 1079 μυκτὴρ
551 991 766 1083 ῥητορόμυκτος
787 999 942 1076 adscitam,
966 998 1036 1058 dein
1055 1017 1124 1057 con·

109 1099 309 1159 structionem
329 1099 453 1159 nonita
472 1099 654 1176 elegantem,
679 1117 715 1157 ex
734 1116 794 1175 qua
813 1097 934 1174 singula
951 1096 1125 1173 philosophi

109 1196 268 1257 cuiusdam
292 1196 429 1274 epitheta
450 1189 617 1270 ἆσυνδὲτως
640 1197 780 1256 iuxtaue
803 1197 966 1272 ponuntur.

473 1469 516 1526 11
538 1460 595 1547 (sa
615 1459 749 1547 prosae.)

268 1575 289 1668 ἦ
315 1585 358 1668 ῥα
380 1579 441 1649 τὸν
465 1579 527 1649 οῦκ
550 1583 680 1651 ἐθέλων
703 1595 899 1668 καταμεῖναι

153 1687 327 1775 ἠθολόγον

177 1893 263 1936 11111.
302 1875 434 1935 Sextus
457 1875 588 1952 Empir.
613 1874 679 1936 adv.
704 1875 802 1954 dogm.
826 1876 842 1934 I
868 1879 908 1936 10
940 1868 957 1936 ὁ
985 1870 1039 1954 μὲν
1065 1868 1123 1956 γὰρ

111 1967 238 2034 Πλάτων
264 1966 374 2045 παντὸς
403 1969 510 2051 μέρους
535 1972 714 2050 φιλοσοφίας
737 1966 816 2056 αὐτῷ
839 1964 1020 2054 (Σωκράτει)
1044 1993 1125 2049 μετα-

104 2071 244 2147 ·ὂίδωσιυ,
265 2073 320 2131 τοῦ
339 2065 392 2147 μὲν
411 2073 530 2150 λογικοῦ
547 2064 680 2150 παρόσον
703 2067 770 2149 περὶ
793 2064 872 2147 ὅρων
895 2067 946 2129 καὶ
964 2065 1125 2147 δαιρέσεων

108 2165 160 2226 καὶ
182 2164 370 2247 ἐτυμολογίας
397 2169 587 2245 παρεισῆκται
615 2166 724 2245 ζητῶν,
752 2157 827 2245 ἅπερ
850 2162 910 2225 ἐστὶ
931 2159 1047 2245 λογικά,
1073 2167 1126 2225 τοῦ

109 2261 144 2323 δὲ
170 2257 283 2341 ἠθικοῦ
310 2257 354 2323 ὅτι
381 2261 449 2342 περὶ
476 2257 580 2341 ἀρετῆς
607 2260 656 2322 καὶ
682 2262 827 2335 πολιτείας
854 2258 905 2321 καὶ
933 2256 1035 2341 νόμων
1062 2260 1125 2321 δια·

109 2356 269 2436 σκέπτετσιι,
291 2360 343 2420 τοῦ
367 2355 400 2418 δὲ
423 2360 553 2436 φυσικοῦ
576 2353 620 2420 ὅτι
642 2356 693 2419 καὶ
715 2356 782 2438 περὶ
803 2354 917 2438 κόσμον
939 2381 967 2420 τι
988 2357 1038 2420 καλ
1060 2356 1127 2437 περὶ

111 2456 272 2535 ζωογονίας
298 2453 347 2516 καὶ
374 2458 477 2534 ψυχῆς
503 2450 752 2534 πεφιλοσόφηκεν.
797 2456 888 2519 ἔνθεν
910 2454 960 2517 καὶ
983 2450 999 2519 ὁ
1025 2456 1126 2534 Τίμων

112 2553 237 2615 αἰτιᾶται
259 2547 311 2614 τὸν
329 2547 477 2613 Πλάτωνα
495 2551 543 2613 ἐπὶ
564 2555 604 2637 τῷ
624 2547 700 2614 οῦτω
723 2554 914 2627 καλλωπίζειν
932 2548 984 2615 τὸν
1002 2546 1127 2631 Σωκρά-

110 2673 167 2727 την
184 2654 302 2723 πολλοῖς
320 2644 506 2728 μαθήμασιν·
526 2638 567 2729 «ἦ
582 2645 671 2731 γάρ»,
690 2669 774 2731 φησι,
793 2646 866 2713 «τὸν
885 2683 927 2693 -
945 2644 1126 2731 κ’ρθολόγον».

181 2804 208 2840 1.
221 2793 233 2840 1
254 2775 272 2853 ἦ
288 2785 410 2840 Bekker:
429 2778 447 2854 ἣ
460 2783 527 2840 libri
542 2791 547 2852 l
563 2782 600 2856 61
614 2784 726 2856 scripsi:
745 2782 798 2855 γὰρ
813 2784 880 2842 libri
896 2791 900 2854 Ι
917 2781 1026 2842 ἐθέλων
1041 2803 1127 2840 κατα-

111 2881 208 2944 μεῖναι
226 2873 338 2943 scripsi:
367 2869 506 2928 ἐθέλοντα
529 2880 624 2944 μεῖναι
647 2874 725 2957 libri;
751 2871 846 2931 ίθὲλει
864 2882 1035 2945 καταμεῖναι
1054 2873 1126 2927 Zim-

112 2979 258 3017 mermann
276 2977 336 3030 prg.
356 2959 468 3030 Erlang.
488 2980 514 3030 p.
534 2967 582 3031 223
602 2958 740 3019 ἐθέλοντα
759 2965 868 3034 μιαίνει
885 2964 915 3019 Γ.
936 2963 1049 3019 Schoell

179 3148 274 3190 cornu
300 3127 488 3187 Sumendum
507 3133 554 3188 est
572 3128 737 3207 abruptum
756 3148 820 3189 esse
839 3129 1041 3206 enuntiatum,
1066 3146 1126 3205 quo

113 3231 255 3288 narratur
282 3225 371 3284 Plato
395 3224 550 3285 Socratem
577 3226 702 3286 mirifice
730 3244 901 3303 exornasse,
935 3245 1005 3284 cum
1031 3224 1129 3284 nollet

115 3345 184 3385 eum
212 3341 334 3383 manere
362 3314 522 3402 ἠθολόγον.
566 3322 598 3381 id
621 3322 721 3399 ipsum
743 3342 815 3384 vero
837 3308 965 3383 verbnm
987 3321 1129 3382 bifariam

113 3424 207 3499 ralet3
241 3421 335 3498 vulgo
368 3420 449 3479 enim
482 3419 633 3498 significat
664 3420 790 3479 mimum
822 3419 885 3480 1111
913 3437 1048 3480 scurram
1075 3410 1128 3502 (cf.

115 3517 148 3579 Ο.
166 3518 300 3596 Iahnius,
323 3519 438 3597 proleg.
462 3517 494 3575 in
511 3518 650 3577 Persium
671 3539 701 3595 p.
719 3516 788 3578 XOI
811 3520 842 3577 et
863 3518 951 3577 relat.
970 3536 1028 3578 soc.
1046 3517 1129 3595 Lips.
