2466 3832
528 143 747 209 ,232-

132 311 250 368 cultum
272 326 367 384 paene
391 300 562 390 divinuml)
591 311 622 367 et
646 307 762 368 Stoicos
791 312 915 386 propter
937 310 1086 385 placitum
1110 311 1149 370 de

130 407 235 466 mundi
259 407 493 485 conflagratione
517 398 747 487 propositum2).

197 504 280 563 Haec
308 505 430 581 quidem
458 502 628 582 generatim
653 507 745 580 atquo
775 505 915 565 universe
939 504 1037 564 dicere
1060 504 1148 564 licet:

130 602 325 680 singulariter
356 602 522 662 disserendi
553 601 640 677 copia
671 601 734 661 fere
763 603 854 662 deest.
900 602 975 661 duas
1005 603 1055 661 vel
1083 605 1149 662 tres

128 700 240 759 formas
256 720 291 759 ex
305 700 410 759 multis
430 701 481 777 eis,
500 699 531 756 iu
551 716 627 776 quas
640 698 775 775 Menippi
796 700 905 758 satiras
923 701 1060 759 redactas
1080 718 1148 760 esse

128 798 180 858 vix
203 797 317 875 dubito,
341 798 539 876 agnoscimus
575 799 612 854 ut
632 794 729 854 Varro
753 799 872 855 saturas
897 797 1044 874 quasdam
1068 797 1148 872 epi-

130 895 314 953 stularum
340 893 437 952 forma
465 882 688 971 conscripsit⁸)‚
717 892 852 970 Menippi
880 893 1060 953 exhibentur
1083 890 1147 953 ἐπι-

129 989 227 1053 στολαί
255 987 493 1068 κεκομψευμέναι
522 981 581 1048 άπὸ
606 989 739 1048 τοῦτόν
762 991 844 1049 θεῶν
866 981 1061 1070 προσόπου4)
1091 981 1147 1071 (ad

129 1108 258 1166 quarum
285 1105 421 1146 normam
444 1086 597 1144 Lucienus
620 1084 741 1145 videtur
763 1088 845 1146 θεῶν
869 1080 1025 1167 διαλόγους
1050 1087 1146 1164 scrip-

128 1177 225 1266 sisse).
267 1184 373 1243 deindo
401 1181 609 1244 convivium
637 1183 822 1260 descriptum
849 1189 896 1244 est
924 1188 955 1243 et
982 1184 1014 1240 iu
1038 1186 1147 1244 satura

129 1283 209 1359 quod
232 1280 408 1358 Συμποσίου
430 1300 539 1341 nomen
561 1272 668 1362 tulit⁵)
692 1284 724 1338 et
745 1281 777 1339 in
797 1271 1014 1362 Ἀρκεσιίάφθ).
1059 1280 1146 1340 deni·

128 1399 186 1457 que
219 1378 390 1438 accuratius
423 1363 592 1455 depinxisse
624 1377 745 1437 videtur
775 1377 934 1455 Diogenis,
967 1375 1146 1452 cynicorum

126 1476 280 1553 principis²
302 1492 401 1533 mores
419 1475 451 1532 in
472 1471 634 1553 Διογένους
652 1463 798 1554 πράσειί).
834 1477 986 1550 postremo
1011 1472 1144 1533 duarum

201 1621 226 1686 1)
241 1616 370 1686 Pergitur
384 1616 413 1668 in
423 1616 529 1670 Laertii
542 1617 674 1686 catalogo
688 1618 753 1686 post
767 1631 886 1686 eaquae
900 1633 928 1684 p.
938 1621 972 1670 81
988 1616 1078 1670 udus
1095 1619 1144 1672 ad-

128 1698 228 1768 scripsi
244 1696 293 1752 καί
311 1694 381 1764 (scil.
396 1690 478 1766 πρός)
492 1692 579 1765 γονάς
594 1692 764 1766 Ἐπικούρου
779 1695 829 1751 καί
842 1692 893 1758 τάς
907 1693 1145 1765 θρησκευομένας

127 1771 177 1829 ὑπ’
195 1771 291 1830 αὐτόν
306 1770 432 1842 εἰκάδας,
451 1791 522 1843 quac
541 1794 628 1830 unum
647 1776 763 1831 titulum
782 1776 891 1831 efficere
909 1777 1000 1844 patct3
1020 1774 1144 1844 pessime

125 1853 236 1908 Riosius
254 1860 327 1924 p.10
346 1850 434 1923 γονάς
452 1853 482 1908 in
503 1850 589 1919 δόξας
602 1856 723 1910 mutavit
736 1855 854 1925 Epicuri
867 1857 966 1924 κυρίας
980 1851 1066 1920 δόξας
1085 1854 1143 1910 dici

126 1934 217 2000 rutus;
235 1929 405 2004 Ἐπικούρου
424 1934 511 2002 γοναί
526 1935 593 1988 sunt
611 1935 748 2005 Epicurei.

199 2016 227 2083 2)
246 2012 286 2067 cf.
306 2013 408 2068 Athen.
427 2011 492 2066 XIV
511 2030 539 2081 p.
559 2018 632 2069 629⁰.

198 2095 225 2162 3)
246 2091 286 2148 cf.
304 2091 491 2148 Buechelcrus
509 2109 581 2147 mus.
600 2093 689 2147 Rheu.
708 2093 774 2148 XIV
791 2112 818 2163 p.
838 2099 898 2147 422.

198 2171 526 2242 aunuum.
908 2218 911 2223 .

197 2256 225 2322 δ)
243 2252 319 2323 apud
337 2254 438 2308 Athen.
459 2253 524 2308 XIV
541 2270 569 2322 p.
590 2258 666 2319 62903
690 2253 727 2308 ad
745 2253 818 2307 hano
843 2252 959 2307 satiram
979 2252 1142 2307 dubibauter

125 2331 237 2387 rettulit
250 2331 417 2402 Meinekiua
431 2347 516 2386 ιαενσ.
530 2333 563 2386 ίκ
576 2333 674 2388 Athea.
689 2333 703 2386 Ι
716 2351 743 2402 p.
753 2337 787 2386 45
804 2333 848 2401 (=
863 2333 938 2386 σκιαί.
953 2349 980 2400 p.
992 2332 1055 2400 302)
1075 2331 1140 2387 adn.

126 2413 201 2480 quod
219 2411 325 2482 legitur
339 2411 414 2480 apud
429 2411 563 2481 stephan.
577 2412 640 2480 Byz.
656 2431 682 2468 v.
696 2409 818 2481 Χιτόνη,
836 2411 941 2466 rectius
955 2413 1050 2467 tamen
1063 2412 1141 2468 idem

126 2489 258 2544 Salmasii
276 2491 354 2544 certa
372 2489 568 2545 emendatione
588 2491 730 2547 sublatum
750 2491 847 2546 credit.

196 2573 223 2636 6)
242 2569 318 2637 apud
331 2570 432 2623 Athen.
448 2570 513 2625 XIV
531 2587 559 2638 p.
575 2575 640 2624 664θ
658 2567 673 2624 δ
693 2569 725 2625 δέ
744 2566 861 2633 κυνικός
879 2567 1030 2632 Μένιππος
1049 2564 1080 2624 ἒν
1100 2572 1139 2642 τῷ

31 2709 34 2719 1
126 2644 345 2718 ἐπιγραφομένῳ
367 2642 530 2720 Ἀρκεσιλάῳ
559 2645 664 2718 γράφει
688 2644 788 2711 οὕτως·
818 2645 915 2712 ’πότος
937 2641 973 2720 ἦν
998 2645 1139 2719 ίπικαμα-

125 2722 235 2781 σάντων
263 2729 348 2778 τινιόν
378 2725 428 2780 καί
452 2722 577 2795 ματτόην
603 2723 750 2783 ίκέίευσεν
775 2727 918 2799 εἰσφέρειν
941 2724 1074 2784 Λάκαινά
1097 2748 1140 2792 τις

124 2804 174 2860 καί
192 2800 302 2866 εὐθέως
324 2803 510 2875 περιεφέρετο
533 2807 683 2876 περδίκεια
706 2803 788 2875 όίίνα
811 2807 860 2861 καί
878 2803 977 2877 χήνεια
996 2803 1070 2863 ὀπτά
1090 2806 1140 2862 καί

123 2883 218 2954 τράφη
237 2880 443 2938 πλακοόντων’.

196 2967 222 3034 7)
241 2963 324 3033 Apud
342 2965 435 3020 Laert.
454 2963 493 3017 VI
509 2969 543 3018 29
563 2966 607 3018 est
625 2964 694 3033 φησί
713 2961 744 3019 δέ
763 2965 916 3029 Μένιππος
936 2961 967 3020 έν
985 2967 1018 3036 τῇ
1038 2966 1139 3034 Διογέ-

124 3064 191 3106 νους
209 3039 320 3113 Πράσει
339 3040 375 3107 ὡς
393 3040 480 3106 άίοδς
503 3043 553 3097 καὶ
573 3039 753 3114 πωίσάμενος
776 3041 911 3116 ἠρωτήθη
931 3045 1090 3115 (Diogenes)
1109 3048 1141 3100 τί

123 3119 183 3179 οίδε
207 3129 301 3178 ποιεῖν
324 3127 395 3192 κοί,
418 3122 469 3176 ubi
486 3120 637 3187 Μένιππος
660 3125 736 3194 quod
759 3125 790 3178 in
812 3126 941 3180 omnibus
964 3123 1042 3179 libris
1065 3124 1136 3180 meis

123 3203 227 3274 legitur
250 3219 306 3257 non
325 3203 368 3257 eet
385 3219 433 3257 our
452 3220 515 3257 cum
535 3203 681 3260 Ambrosio
701 3206 730 3258 et
748 3203 880 3260 sambuci
899 3204 994 3259 codice
1014 3203 1136 3270 quodam

122 3287 263 3338 mutemus
278 3281 307 3336 in
315 3277 472 3352 Ἕρμιππος
487 3284 529 3351 (ut
542 3283 626 3338 multi
639 3284 777 3338 feceruut=
792 3283 826 3338 cf.
838 3285 924 3338 ctiam
937 3281 1136 3352 socrynskiuc,

122 3362 267 3432 Hermipp.
292 3381 319 3431 p.
339 3366 373 3416 40
388 3365 454 3432 sq.);
483 3362 569 3417 etiam
592 3363 684 3417 miuus
707 3363 797 3433 probo
821 3361 1012 3418 Nietzschium
1038 3377 1135 3430 progr.

81 3508 84 3515 ³
121 3436 207 3493 Basil.
228 3443 320 3510 (1870)
338 3459 365 3510 p.
381 3446 415 3496 28
434 3440 618 3498 conicientsm
630 3436 821 3513 Ἕρμιππος
841 3436 877 3496 ἒν
896 3442 938 3516 τῷ
957 3439 1036 3510 περί
1054 3446 1135 3495 Διο-

120 3516 245 3587 γένους
263 3527 446 3588 πειραταῖς
466 3518 504 3583 ὡς
523 3517 608 3586 διλοός
625 3526 681 3577 ντί.
