2466 3832
80 165 84 169 ’
105 182 272 225 mmm
490 195 532 206 ·-
580 160 644 226 109
691 196 734 207 -

105 322 244 383 Arrhian.
268 322 365 383 Anab.
389 323 434 382 IV
457 325 499 384 97
524 315 576 404 (of.
600 323 681 383 Plut.
704 322 790 383 Alex.
816 327 856 385 52
872 318 931 407 sq.)
953 327 973 386 i.
993 346 1017 386 e.
1042 324 1124 403 apud

106 421 268 498 utriusque
287 424 452 498 auctorem,
470 419 684 481 Aristobulum
704 421 818 500 opinor,
842 423 930 482 audit
947 416 963 484 ὁ
983 418 1124 503 σοφιστής

106 511 190 601 (vide
210 520 303 579 etiam
322 536 415 595 supra
428 518 509 577 Plut.
525 518 561 577 de
575 518 690 579 virtute
704 538 778 579 mor.
793 538 817 579 ο.
834 512 877 601 6).
901 520 1029 581 indulsit
1043 523 1124 582 enim
1201 580 1205 587 .

105 616 239 693 turpiter
261 616 374 675 Veneri
402 619 433 675 et
455 615 555 676 ventri
579 608 632 697 (of.
655 616 766 676 Athen.
790 618 850 677 XII
872 638 900 694 p.
926 610 1015 695 548b,
1041 620 1123 680 Plut.

107 731 238 792 sympos.
261 713 362 774 VII3
388 712 470 790 [vide
494 704 629 794 suprad),
652 731 751 790 neque
774 713 806 772 in
828 713 876 773 his
899 717 1055 774 asseoutus
1078 719 1125 774 est

108 829 198 889 quem
211 812 276 889 ipse
291 811 458 889 sapientiae
472 808 563 870 finem
577 809 672 870 edixit
681 801 733 892 (of.
743 809 929 889 Bemaysius
939 812 958 869 l.
970 829 992 870 s.
1003 815 1034 871 et
1047 831 1123 872 mus.

106 910 201 970 Rhen.
224 910 329 970 XXIII
350 930 379 988 p.
404 911 467 970 375
488 928 532 988 sq.
552 933 595 957 =
616 907 682 970 Ges.
706 906 781 969 Aba
805 909 821 968 I
842 930 871 986 p.
896 900 983 991 128),
1010 901 1046 968 τὰ
1072 909 1126 970 τοῦ

105 1010 212 1087 καιροῦ
246 1004 334 1087 μέτρα
366 1005 430 1067 δεῖν
462 1003 580 1067 εἰδέναι.
625 1005 737 1067 ideireo
768 1005 962 1084 potissimum
994 1039 1036 1048 —
1064 1025 1125 1067 non

107 1107 232 1181 propter
255 1104 438 1183 doctrinam,
462 1105 581 1182 opinor,
605 1123 790 1182 quamquam
812 1103 857 1165 ita
880 1103 974 1165 sensit
991 1104 1124 1166 Galenus

107 1201 127 1258 l.
138 1217 160 1259 s.
176 1233 217 1242 -
234 1203 408 1279 appellatus
428 1205 475 1263 est
493 1195 509 1261 ὁ
525 1195 733 1281 εὖὸαιμονικός
748 1194 800 1283 (ef.
813 1202 978 1262 AthenVI
991 1224 1020 1281 p.
1037 1195 1125 1282 25οἦ

106 1296 225 1358 Aelian.
239 1318 302 1360 var.
316 1299 386 1358 hist.
401 1299 445 1358 IX
460 1301 515 1375 373
535 1298 614 1358 Sext.
629 1300 716 1377 Emp.
732 1299 798 1360 adv.
812 1300 905 1359 math.
915 1299 1042 1378 VH48;
1057 1293 1125 1382 al),

106 1397 188 1454 certe
221 1389 431 1472 εὐδαιμονικῆς
461 1395 546 1453 illius
578 1399 679 1455 sectae
712 1414 804 1473 quam
831 1395 999 1455 condidisse
1027 1396 1126 1456 fertur

109 1482 161 1571 (of.
191 1492 283 1551 etiam
310 1491 410 1550 Laert.
439 1491 455 1550 Ι
481 1482 537 1571 17)
574 1510 660 1552 nemo
697 1495 818 1568 praeter
851 1491 952 1568 ipsum
982 1492 1124 1554 innotuit.

106 1589 184 1648 hano
207 1588 304 1666 igitur
326 1589 422 1649 vitam
444 1587 631 1649 lubidinibus
654 1589 789 1648 deditam
806 1589 999 1667 reprehendit
1017 1591 1126 1652 Timon

107 1707 135 1748 v.
159 1689 188 1746 3.
208 1688 237 1763 4,
262 1686 314 1746 sed
336 1685 529 1762 reprehendit
551 1704 621 1746 eum
642 1687 758 1765 pietate
781 1687 909 1747 liberali.

198 1781 342 1845 Ceterum
376 1775 530 1862 ὖιιοιρείω
567 1786 666 1845 solum
699 1785 781 1864 apud
810 1786 967 1846 Timonem
997 1787 1124 1866 legitur,

108 1881 236 1960 simplex
260 1885 364 1943 tamen
381 1880 464 1960 τρείοι
484 1882 667 1960 aliquotiens
692 1883 832 1944 adhibuit
850 1883 1019 1964 Oppianus,
1044 1886 1126 1964 quod

107 1998 144 2039 ex
170 1979 270 2041 radiee
300 2000 365 2060 τρες
396 1979 537 2040 similiter
568 1982 739 2058 profectum
771 1987 863 2060 atque
890 1983 997 2060 πνείει,
1024 1984 1124 2060 πλείω,

106 2075 195 2154 θεία,
218 2076 302 2158 delo,
325 2077 392 2156 χείω
414 2097 450 2136 ex
468 2077 621 2138 radioibus
642 2077 736 2155 nvef,
758 2080 848 2155 arlef,
871 2080 947 2155 def,
970 2079 1039 2160 def,
1061 2080 1123 2156 χεὶ.

601 2343 629 2401 X

153 2453 381 2543 Πρωταγόρης
403 2450 433 2523 τ’
459 2457 627 2543 ἐκίμικτος
650 2457 833 2545 ἐριζέμεναι
857 2449 895 2525 εὖ
918 2456 1017 2537 εἰδώς

388 2625 509 2667 nonium
530 2625 696 2669 onnonsvs
719 2625 836 2669 vnnsvs

112 2784 115 2789 ⁴
182 2723 278 2778 0679
297 2723 333 2778 al.
354 2725 508 2794 κελητίζειν
527 2714 560 2780 εὖ
580 2721 662 2788 εἰδώς
682 2724 790 2796 (eadem
809 2741 906 2781 versus
925 2726 1001 2796 sede)

176 2873 262 2914 σοον.
294 2855 466 2918 Laertius
494 2856 596 2935 Diog.
619 2858 664 2917 lX
686 2860 727 2918 52
761 2846 847 2930 οὗτος
873 2861 988 2936 πρῶτος
1014 2852 1124 2937 μισθὸν

105 2945 296 3030 ἐἰσεπράξατο
326 2956 401 3030 μνᾶς
424 2946 528 3014 ἑκατὸν
551 2999 670 3017 ......
692 2951 743 3015 καὶ
765 2949 862 3035 λόγων
884 2947 1003 3034 ἀγῶνας
1025 2949 1125 3034 {nord-

107 3065 179 3110 σαιο
211 3042 269 3131 (sio
295 3051 356 3109 mei
379 3050 451 3110 libri
474 3043 592 3132 omnes)
623 3048 674 3111 noct
706 3045 837 3129 σόφισμα
868 3056 929 3125 τοῖς
960 3073 1125 3133 πραγματο-

110 3151 230 3226 λογοῦσι
247 3142 416 3228 προσήγαγε
433 3144 484 3207 καὶ
501 3140 557 3226 τὴν
574 3142 713 3208 διάνοιαν
726 3142 814 3225 doato
830 3142 905 3226 πρὸς
918 3144 1050 3228 τοῦνομα
1068 3149 1125 3210 διε-

109 3241 202 3325 λέχθη
220 3242 272 3305 καὶ
289 3239 321 3306 τὸ
341 3247 398 3306 νῦν
415 3238 592 3305 ἐπιπόλαιον
609 3241 695 3325 μένος
712 3246 771 3304 τῶν
784 3242 937 3324 ἐριστικῶν
956 3243 1124 3327 ἐγέννησεν·

108 3339 161 3402 ἵνα
182 3339 233 3403 καὶ
258 3343 359 3421 Τίμων
382 3339 456 3422 φησὶ
478 3339 545 3420 περὶ
567 3336 674 3404 αὐτοῦ·
697 3337 929 3433 «Πρωταγόρης,
943 3374 984 3386 -
1009 3339 1124 3418 εἰδώς».

182 3453 326 3531 talpinos
339 3457 418 3515 libri:
439 3453 591 3530 ἔτιίμνκτος
604 3457 710 3530 (activa
719 3460 872 3528 potestate)
883 3459 1012 3516 Meinehe
1024 3461 1123 3532 philol.

108 3546 162 3604 XV
179 3565 207 3618 p.
226 3552 288 3614 334,
307 3544 459 3620 ἐπίμαστος
477 3547 552 3619 (noll.
570 3548 654 3605 Hom.
673 3569 691 3603 ν
709 3552 773 3621 377)
792 3547 824 3606 Ο,
837 3547 977 3618 ὓὶὶὲιοσῑχ
990 3547 1144 3617 ξμρτσὴσε
