2466 3832
518 125 755 193 -58-·

123 297 246 370 accepto
274 292 386 351 dicitur
414 290 477 350 sine
506 291 640 365 exemplo
666 287 699 350 ἐν
726 287 807 350 ἔπεσι
829 287 955 370 ἐλεγείας
977 285 1137 373 γράφειν)

124 395 155 450 et
177 391 286 450 desunt
313 390 344 447 in
368 388 593 448 enumeratione
616 388 774 447 notissima
798 393 829 448 et
852 388 1019 448 clarissima
1038 389 1137 449 Xeno-

122 487 230 565 phanis
252 490 402 564 poemata,
425 485 608 546 didacticum
630 505 725 546 unum
749 477 981 566 (περὶφύσεως)
1001 488 1138 564 etepica

123 585 183 644 duc
208 576 406 665 (Κολοφῶνος
428 583 518 655 κτίσις
549 586 580 642 ct
612 575 628 643 ὁ
656 582 698 656 είς
716 575 820 642 Ἐλέαν
847 575 1034 664 ἆποικισμός)
1059 603 1136 660 quae

122 686 223 742 tamen
255 682 341 742 novit
372 680 523 758 Diogenes
555 676 613 758 (IX
644 672 709 759 20).
764 679 828 739 hcc
861 681 887 739 si
919 680 1137 760 admiserimus,

122 798 245 856 prorsus
269 777 502 839 intolerabiliter
523 778 555 836 in
578 777 700 856 duobus⁴
719 776 870 853 prioribus
888 778 1030 837 membris
1049 780 1138 839 metri

123 878 226 954 solius,
249 896 310 936 non
332 875 504 954 argumenti
526 875 605 935 ratio
624 874 763 951 habetur,
787 875 819 932 in
836 875 946 934 ultimo
966 877 1138 952 argumenti

122 975 225 1051 solius,
249 993 309 1034 non
333 972 435 1049 metri;
458 992 555 1048 neque
574 973 653 1032 inter
671 989 702 1030 se
722 972 904 1032 concordant
922 972 982 1031 duo
1001 973 1136 1032 membra

122 1067 155 1130 ἐν
182 1068 263 1131 ἔπεσι
290 1074 321 1130 et
349 1066 488 1148 ἐλεγείας,
516 1089 584 1130 cum
612 1069 750 1128 debuerit
777 1068 977 1146 aequabiliter
1000 1069 1059 1129 dici
1082 1074 1138 1131 aut

121 1163 154 1226 ἐν
181 1164 262 1227 ἔπεσι
288 1163 339 1226 καί
363 1163 498 1246 ἐλεγείοις
521 1158 597 1247 (sive
621 1159 661 1226 δι’
686 1158 824 1247 ἐλεγείας)
849 1170 903 1226 aut
926 1164 981 1245 ἔπη
1005 1164 1054 1227 καὶ
1077 1163 1091 1227 ἐ
1125 1199 1135 1210 -

120 1263 208 1342 γείας.

188 1360 297 1421 Omnes
316 1379 387 1420 vero
406 1359 602 1420 difficultates
620 1361 777 1437 tollentur,
801 1361 826 1420 si
844 1379 963 1421 mecum
981 1361 1134 1437 scripseris

121 1451 249 1538 γέγραφε
273 1452 305 1517 δὲ
324 1453 357 1516 ἐν
375 1453 455 1517 ἔπεσι
472 1454 522 1516 καὶ
540 1454 689 1536 ἐλεγείοις
708 1451 786 1532 (sive
805 1459 886 1535 qnod
903 1458 1031 1518 fortasse
1049 1476 1135 1535 prae·

120 1548 214 1636 stat²)
237 1551 288 1615 καί
312 1546 397 1632 (δι’)
421 1547 558 1635 ἐλεγείας)
582 1552 630 1614 καλ
653 1546 746 1635 (qnae
764 1555 916 1632 particula
935 1555 973 1614 ad
991 1556 1084 1615 aliam
1103 1557 1135 1616 in

119 1653 267 1730 poematis
296 1670 314 1710 a
337 1653 521 1728 Xenophane
547 1655 710 1712 tractatam
737 1653 896 1712 materiam
919 1656 1048 1731 spectat,
1077 1653 1136 1713 nisi

120 1750 199 1810 forte
230 1749 358 1809 delenda
390 1741 450 1830 est)
483 1743 609 1828 ίοίμβονς
640 1742 713 1808 καθ’
738 1741 868 1827 Ὁμήρου
899 1752 957 1810 κτλ.
988 1742 1136 1830 (scripsit

118 1846 299 1905 hexametris
319 1849 350 1906 et
368 1845 473 1923 elegiis
493 1846 586 1906 etiam
603 1846 756 1906 irrisiones
775 1846 899 1906 Homeri
914 1841 1134 1928 Hesiodique').

119 1944 162 2003 sic
186 1943 278 2005 verba
301 1936 466 2003 ἐπικόπτων
489 1935 541 2028 (cf.
561 1943 676 2002 Timon.
698 1943 756 2003 sill.
775 1944 811 2003 fr.
830 1936 955 2025 XXXX)
979 1937 1078 2004 αὐτῶν
1099 1937 1134 2005 τὰ

120 2036 187 2117 περὶ
208 2042 290 2101 θεῶν
313 2036 452 2118 εἰρημένα
475 2040 653 2116 simpliciter
675 2040 714 2099 ad
736 2043 837 2101 totum
859 2041 1051 2101 enuntiatum
1068 2061 1134 2118 per·

119 2137 229 2216 tinent,
263 2157 323 2215 qno
356 2139 421 2198 sola
453 2136 577 2198 Homeri
607 2135 792 2215 Hesiodique
824 2138 923 2198 irrisio
955 2138 1136 2200 describitur

118 2236 234 2311 pariter
266 2239 357 2312 atque
384 2236 525 2313 proximo
559 2222 764 2316 (ἄνειὸοξοίοαι
792 2231 825 2295 δὲ
852 2231 962 2315 λίγειαι
988 2228 1061 2317 κτλ.)
1089 2237 1133 2295 in-

118 2331 246 2393 imicitia
274 2351 345 2411 erga
367 2333 562 2411 philosophos
586 2336 617 2393 et
639 2332 848 2409 Epimenidem
871 2333 1014 2411 exercita,
1037 2353 1133 2411 neque

119 2429 156 2488 de
178 2435 352 2507 poematum
375 2431 509 2509 generali
532 2431 720 2491 enarratione
744 2431 855 2508 agitur.
901 2449 997 2507 neque
1020 2431 1053 2490 in
1076 2433 1134 2491 ele·

118 2527 239 2604 giorum
256 2529 401 2588 memoria
419 2526 555 2587 haerebit
574 2528 711 2604 quisquis
730 2528 900 2588 meminerit
919 2546 1032 2607 eorum,
1056 2546 1133 2606 quae

118 2623 233 2700 elegiae
252 2624 446 2700 longissimae
465 2617 499 2704 (1
520 2617 645 2703 Bergk.)
664 2645 691 2685 v.
709 2629 747 2684 21
769 2644 811 2702 sq.
831 2625 908 2685 dixit
925 2626 1134 2702 Xenophanes,

186 2710 221 2798 3)
256 2718 353 2779 Schol.
381 2718 481 2779 ΑΒΕ
513 2720 600 2779 Iliad.
631 2723 657 2781 Β
691 2724 754 2782 212
792 2715 830 2782 οὔ
865 2717 1031 2800 Ξενοφάνει
1067 2716 1131 2782 ἄλλ’

112 2807 230 2897 Ὁμήρῳ
258 2810 363 2899 προίτηο
391 2817 483 2878 οίλλοι
510 2817 684 2895 πεποίηνται
712 2809 764 2898 (cf.
787 2819 928 2880 Eustath.
953 2819 992 2880 ad
1013 2820 1032 2878 l.
1055 2836 1078 2877 s.
1101 2839 1130 2895 p.

120 2915 193 2991 204,Ι
213 2915 253 2972 21
275 2915 319 2973 ed.
339 2915 424 2975 Rom.
447 2912 479 2975 οἱ
498 2913 618 2976 παλαιοί
640 2920 910 2995 παρασημειοῦνται
933 2914 1063 2977 ἐνταῦθα
1086 2908 1130 2976 ὅτι

117 3004 155 3072 οὗ
182 3003 276 3088 μόνον
298 3006 476 3091 Ξενοφάνης
501 3012 643 3091 πεποίηκε
671 3012 786 3086 σίλλους
813 3010 846 3074 ἐν
869 3006 914 3087 οίς
936 3007 1131 3089 εὐδοκίμηκεν

116 3139 330 3149 μ*

190 3190 216 3258 1)
235 3187 331 3244 Distat
344 3188 419 3243 enim
432 3205 555 3259 prorsus,
573 3190 649 3259 quod
663 3189 763 3246 Suidas
778 3189 849 3246 dixit
862 3193 898 3262 (v.
914 3187 1042 3259 Θέογνις)
1058 3186 1133 3258 γνοί·

118 3289 172 3338 μας
190 3263 230 3323 δι’
252 3264 377 3338 ἐλεγείας
395 3267 437 3331 είς
455 3266 509 3338 ἔπη
529 3266 594 3343 ,βωῖ

187 3349 215 3417 2)
236 3348 336 3404 Suidas
358 3348 389 3402 in
409 3348 561 3418 lyricorum
584 3348 649 3404 vitis
669 3349 858 3420 compluribus
875 3351 917 3406 ita
935 3350 1019 3406 dixit:
1043 3349 1077 3406 cf.
1097 3369 1123 3406 v.

118 3426 248 3496 Θέογνις,
267 3430 436 3498 Σιμωνίδης,
454 3432 600 3499 Τυρταῖος,
616 3427 780 3499 Παρθένιος
798 3431 843 3499 (ex
858 3428 1021 3486 Schneidcri
1034 3445 1129 3487 emcn-

116 3504 240 3574 daticnc)
261 3506 376 3577 [Eudoc.
395 3526 421 3563 v.
440 3504 560 3577 Σόλων).
