2466 3832
104 94 360 137 naxxnvmnn
498 107 535 116 -
586 70 648 135 167
698 107 736 115 —

105 228 141 294 τά
172 231 290 313 τέτταρα
317 228 392 313 πρὸς
419 237 480 306 τοῖς
508 229 672 311 εἰρημένοις
698 235 757 313 γῆν
783 230 951 312 προστιθεὶς
978 230 1124 313 τέταρτον.

105 333 211 410 itaque
239 337 314 411 quot
336 332 439 410 potuit
461 335 509 392 tot
532 328 633 410 coegit
655 322 727 412 (dcc
749 327 852 391 ἔσθενε
875 324 997 391 τοσσάδε
1021 323 1121 412 αλλων)

105 430 258 489 elementa
281 448 377 507 eaque
401 449 438 489 ex
460 428 587 489 arbitrio
611 447 666 489 suo
690 418 805 509 (άρχων
826 418 881 508 ὥς)
901 427 1060 488 constituit
1078 428 1123 488 ita

106 530 283 603 comparata
305 531 342 587 ut
365 527 432 586 aliis
456 527 628 615 indigerent
647 517 814 608 (ἐπιδευέας
832 516 954 606 ἀλλων),
977 544 1045 583 cum
1064 527 1123 585 ein·

107 625 182 702 gula
212 643 267 700 per
295 642 326 683 se
354 624 430 682 nihil
457 628 581 701 possent
606 642 765 701 procreare
793 623 845 683 sed
872 623 971 681 solum
995 615 1124 701 Ἀνάγκη

107 721 292 799 moderante,
317 722 408 781 simul
432 720 520 804 Φιλίᾳ
544 726 599 782 aut
621 721 724 782 Νείκει
746 720 878 798 impulsa
902 713 954 801 (cf.
976 718 1125 795 Theophr.

105 819 194 896 phys.
213 838 260 896 op.
279 820 315 878 fr.
336 821 355 878 3
374 840 404 896 p.
423 822 497 896 478,
519 823 534 877 l
556 820 649 879 Diels.
673 824 705 880 et
721 819 790 879 Aet.
809 820 887 896 plac.
906 817 979 895 phil.
999 817 1014 874 I
1034 818 1085 893 26,
1106 818 1123 874 1

106 936 136 992 p.
162 917 241 975 321⁸
266 907 331 997 13).
378 916 469 976 simul
491 920 595 976 tamen
618 917 786 996 castigatur
807 915 1014 994 Empedocles,
1044 912 1126 992 quod

107 1012 173 1089 ipse
198 1013 285 1090 quasi
307 1032 360 1072 rex
383 1014 420 1072 ab
443 1013 653 1092 Agrigentinis
681 1016 846 1076 honoratus
870 1006 983 1095 (ἅρχων
1007 1005 1059 1088 ἀςς
1088 1010 1125 1069 cf.

108 1109 208 1169 Lacrt.
239 1108 327 1188 Diog.
351 1109 428 1170 VIII
457 1114 474 1170 7
479 1102 513 1192 3)
551 1111 584 1170 in
617 1131 722 1172 eorum
753 1113 878 1174 civitate
911 1109 1126 1170 democratiam

108 1198 241 1288 (ἰσότητα
264 1200 416 1284 πολιτικήν
438 1207 539 1268 Laert.
558 1209 635 1269 VIII
655 1203 710 1291 72)
739 1209 911 1284 constituit,
939 1208 984 1266 ita
1010 1211 1046 1266 ut
1072 1223 1126 1282 po·

109 1305 239 1364 tentiam
270 1305 462 1363 multitudini
490 1297 560 1386 (ὅσα
583 1304 686 1366 ἔσθενε
708 1301 831 1366 τοσσάδε
854 1296 954 1384 εἴλεον)
978 1303 1128 1362 tribueret
1163 1306 1168 1314 ¹

108 1404 142 1460 et
163 1401 324 1487 imperium
346 1419 439 1477 penes
459 1420 509 1461 coe
529 1421 594 1461 esse
609 1403 703 1464 vellet
722 1398 832 1479 quibus'
851 1401 925 1478 ipsis
943 1401 1125 1476 imperatore

108 1515 187 1574 opus
210 1500 290 1556 esset
313 1488 480 1578 (ἐπιδευέας
502 1491 622 1579 άλλαν).
641 1530 676 1540 -
699 1499 776 1559 hanc
798 1498 1024 1559 cavillationem
1044 1497 1127 1556 deni·

109 1614 169 1670 que
194 1594 288 1654 etiam
311 1594 496 1655 acerbiorem
518 1596 651 1656 reddidit
673 1595 926 1672 annominatione,
951 1614 1028 1672 quae
1046 1595 1127 1654 inter

108 1685 210 1770 άρχαν
234 1696 265 1752 et
287 1685 378 1771 ἀρχάς
401 1692 495 1754 verba
517 1694 673 1771 eleganter
695 1693 863 1753 intercedit.

512 1885 726 1895 m

607 2047 633 2106 L

155 2161 192 2228 ἐκ
215 2157 247 2227 δ’
273 2158 338 2247 ἀρα
360 2166 430 2230 τῶν
452 2159 628 2229 ἀπέκλινεν
653 2159 671 2229 ὁ
696 2161 824 2245 λαξόος,
848 2159 1105 2246 ἐννομολέσχης,

155 2263 325 2351 Ἑλλήνων
349 2267 516 2354 ἐπαοιδός,
534 2265 783 2356 ἀκριβολόγους
806 2264 999 2352 ἀποφήνας,

156 2368 285 2459 μυκτὴρ
309 2373 566 2462 ῥητορόμυκτος,
588 2369 771 2451 ὑπαστικὸς
794 2370 1001 2460 είρωνευτής.

181 2575 267 2619 uusr.
290 2557 462 2619 Laertius
480 2559 581 2637 Diog.
601 2559 633 2618 Π
651 2561 690 2620 19
710 2560 820 2636 Δοῦρις
843 2552 876 2618 δὲ
899 2553 950 2616 καὶ
971 2554 1130 2615 δουλεῦσαι

111 2645 204 2714 αὐτὸν
235 2652 285 2714 καί
317 2650 499 2736 ἐργάσασθαι
526 2657 644 2730 λίθους’
672 2649 750 2717 είναί
774 2677 804 2716 τε
831 2648 923 2717 αὐτοῦ
950 2646 1074 2725 καὶτὰς
1097 2649 1130 2711 ἐν

109 2743 271 2829 ἀκροπόλει
298 2745 428 2831 Χάριτας
457 2752 533 2816 ἐνιοί
560 2773 653 2834 φασιν
680 2749 877 2833 ἐνδεδυμένας
906 2747 1004 2824 ον’ίσας.
1055 2745 1130 2811 ὅθεν

111 2846 164 2908 καί
189 2849 309 2928 Τίμωνα
333 2848 365 2911 ἐν
387 2855 448 2924 τοῖς
470 2852 578 2926 σίλλοις
601 2853 706 2914 εἰπεῖν·
730 2849 784 2912 ((ἐκ
808 2844 836 2911 δ’
861 2882 898 2892 -
920 2840 1130 2929 εἰρωνευτήςν·

111 2934 152 3025 ήν
173 2940 230 3027 γὰρ
253 2945 304 3008 καί
326 2945 359 3008 ἐν
381 2953 441 3022 τοῖς
464 2949 629 3030 ῥητορικοῖς
652 2944 764 3025 δεινός,
792 2942 832 3021 ὥς
855 2964 930 3026 φησι
952 2943 1003 3007 καὶ
1022 2940 1130 3021 Ἰδομε-

113 3039 191 3118 νεύς.
228 3045 394 3107 Clemens
417 3048 517 3108 Alex„
541 3052 643 3109 strom.
662 3049 678 3106 I
699 3049 749 3125 14,
770 3049 810 3106 63
830 3067 858 3122 p.
880 3047 956 3122 129,
976 3044 1018 3103 50
1038 3042 1131 3122 syla,

112 3144 177 3204 352
202 3144 283 3205 Pott.
304 3138 472 3224 Ἀρχέλαος,
500 3135 536 3208 οὗ
560 3139 722 3225 Σωκράτης
745 3136 915 3221 διήκουσεν·
940 3139 994 3202 «ἐκ
1018 3135 1045 3200 δ’
1071 3134 1129 3217 άρα

115 3271 155 3280 -
181 3237 353 3316 ἐπαιοιδός»
382 3236 399 3305 ό
425 3243 525 3321 Τίμων
548 3242 641 3320 φησίν
664 3239 698 3302 ἐν
720 3243 780 3314 τοῖς
803 3240 910 3313 σίλλοις
933 3232 983 3299 διά
1006 3231 1038 3299 τό
1059 3229 1133 3299 ἀπο·

115 3336 278 3400 κεκλικέναι
301 3333 361 3401 ἀπὸ
384 3343 443 3401 τῶν
466 3342 602 3417 φυσικῶν
626 3335 674 3399 ἐπὶ
696 3332 730 3398 τὰ
752 3331 856 3417 ήθικά.
898 3337 1030 3399 Sextus
1052 3335 1134 3395 Em-

113 3434 178 3511 pin
202 3437 269 3500 adv.
293 3437 392 3517 dogm.
416 3439 470 3498 Ie
496 3439 548 3498 τοῦ
572 3433 604 3497 δὲ
627 3430 742 3516 ήδικοῦ
764 3429 858 3515 μόνον
882 3432 1043 3513 ἐπεμελεῖτο
1066 3435 1132 3492 Σαι-
