2466 3832
104 93 153 133 ra.
167 93 187 132 n
492 100 533 110 —
582 63 644 128 169
693 101 731 110 -

106 232 297 293 aMeinelrio
319 231 506 307 restitutum,
532 228 697 288 secundum
719 227 904 305 Hesychium
928 221 1055 310 (λαξόοι·
1079 228 1120 290 ol-

105 323 241 408 κοδόμοι·
271 319 442 409 λιθουργοί)
475 325 639 403 lapicidam
671 325 835 404 significat3
867 331 958 405 atque
991 329 1122 407 quadrat

106 446 176 489 sane
210 426 323 504 optime
352 425 426 484 haee
454 441 575 500 quoque
601 422 699 500 notio,
733 423 877 500 quoniam
899 442 918 482 a
939 426 1054 486 Duride
1079 419 1121 507 (v.

107 515 223 605 supra),
245 521 345 582 Plinio
368 525 429 581 nat.
457 520 526 581 hist.
549 519 676 578 XXXV]
696 522 751 597 32,
775 520 926 580 Pausania
945 521 962 580 I
982 525 1032 600 22,
1052 527 1070 584 8
1091 528 1122 584 11

106 621 150 679 IX
178 622 234 698 35,
260 622 278 678 7
312 619 379 678 aliis
411 618 559 678 traditum
591 621 622 677 et
654 617 802 677 creditum
833 621 880 677 est
908 618 1122 696 philosophum

107 717 329 778 adulescentem
358 717 473 794 pariter
500 720 592 793 atque
620 717 739 792 patrem
767 715 950 791 sculptorem
975 715 1069 776 fuisse
1092 723 1123 778 et

107 812 244 874 Charites
274 817 306 873 ι’κ
327 815 453 888 propylo
480 811 701 872 Atheniensium
728 813 842 873 fecisse.
888 814 940 873 sed
968 815 1122 875 sciendum

107 915 167 990 est,
199 913 384 991 singularem
416 912 544 970 alteram
573 911 712 970 intulisse
744 911 835 971 verbo
862 913 1046 989 potestatem
1074 912 1122 970 Ti·

106 1028 234 1088 monem,
254 1028 314 1085 qua
333 1003 452 1087 ‘populi
464 1002 642 1085 perpolitor'
658 1013 851 1086 nuncupatur
866 1009 1012 1088 Socrates,
1032 1029 1123 1088 quem

106 1110 213 1167 notum
246 1111 292 1167 est
323 1107 459 1167 homines
487 1106 523 1165 de
550 1106 638 1183 plebe
666 1109 818 1183 quotquot
846 1107 873 1165 ei
901 1107 1021 1168 obviam
1047 1109 1123 1168 facti

107 1207 179 1262 sunt
210 1204 432 1263 confabulando
465 1203 503 1262 ad
530 1204 719 1263 honestatem
746 1204 876 1262 formare
904 1207 935 1262 et
962 1205 1121 1266 instituere

108 1300 268 1359 studuisse.

176 1392 386 1473 ἐννομολέσχης
411 1393 594 1454 vocabulum
616 1395 679 1470 ipse
704 1394 788 1454 cudit
810 1398 902 1471 poeta
925 1395 963 1454 ad
985 1416 1122 1458 normam

108 1492 323 1569 Aristophanei
356 1487 585 1570 μετεωρολέσχου
615 1491 654 1550 ad
681 1490 886 1550 denotandum
907 1492 1121 1571 philosophum

108 1592 161 1669 qui
179 1591 215 1650 de
233 1590 368 1650 honestis
386 1587 549 1666 probisque
568 1589 703 1649 moribus
718 1589 934 1649 sermocinatus
949 1590 990 1650 sit
1004 1611 1121 1670 semper

108 1692 139 1749 et
160 1688 281 1766 ubique.

174 1786 223 1846 Ad
246 1784 429 1846 illustranda
452 1784 544 1847 verba
562 1776 714 1863 Ἑλλήνων
737 1777 877 1856 ἐπαοιδός
895 1786 995 1846 nescio
1015 1805 1054 1847 an
1072 1807 1123 1848 ne·

107 1888 200 1961 queat
221 1884 320 1963 magis
341 1884 483 1944 idoneum
501 1883 709 1943 testimonium
728 1882 828 1942 afferri
848 1902 940 1959 quam
958 1885 1050 1945 rerba
1067 1887 1123 1948 illa

106 1984 263 2057 praeclara
286 1982 396 2059 quibus
412 1982 566 2041 Socratem
579 1980 752 2040 Alcibiades
770 1980 802 2038 in
815 1979 953 2040 Platonis
970 1984 1122 2060 symposio

108 2076 266 2154 descripsit
285 2097 308 2138 c.
329 2081 370 2139 32
390 2099 419 2154 p.
436 2070 518 2137 215ῦ
534 2095 576 2154 sq.
613 2069 630 2137 δ
654 2073 707 2152 μέν
729 2097 762 2156 με
781 2071 960 2158 (Μαρσύας)
980 2073 1019 2138 δι’
1036 2073 1123 2161 ὀργά-

108 2195 171 2233 νων
193 2169 314 2251 ἕκηλει
336 2168 405 2246 τοὺς
428 2167 610 2249 ἀνθρώπους
633 2175 667 2254 τῇ
691 2165 749 2232 ἀπὸ
769 2175 822 2234 τοῦ
841 2168 981 2253 στόματος
1000 2171 1124 2257 δυνάμει

108 2313 138 2331 ..
158 2316 187 2330 ..
215 2263 253 2330 σὺ
281 2263 308 2328 δ’
336 2259 374 2350 (ὦ
396 2261 566 2352 Σώκρατες)
598 2266 712 2330 ἐκείνου
734 2273 875 2332 τοσοῦτον
902 2268 996 2352 μόνον
1020 2273 1121 2354 διαφέ-

108 2386 179 2444 ρεις,
203 2360 247 2427 ὅτι
269 2360 343 2426 daeo
366 2358 503 2446 όργόνων
525 2369 625 2443 ψιλοῖς
646 2360 745 2446 λόγοις
766 2361 898 2430 ταύτὸν
920 2373 1005 2432 τοῦτο
1029 2379 1123 2448 ποιεῖς

109 2510 204 2523 .....
223 2457 345 2524 ἐπειδὰν
372 2460 404 2525 δὲ
432 2467 487 2525 σοῦ
515 2485 557 2536 τις
585 2457 682 2545 όικοόη
795 2458 848 2525 ἐόν
870 2487 898 2526 τε
925 2460 1001 2546 γυνὴ
1025 2461 1121 2553 ἆκοόη

108 2553 162 2620 ἐόν
179 2581 208 2620 τε
226 2553 304 2639 ἀνὴρ
323 2555 376 2622 ἐόν
394 2583 423 2622 τε
442 2555 605 2640 μειράκιον,
624 2558 855 2642 ἐκπεπληγμένοι
872 2559 958 2642 ἐσμὲν
976 2562 1026 2625 καὶ
1039 2588 1122 2629 κατε-

107 2651 228 2736 χόμεθα.
270 2651 327 2738 ἐγὼ
345 2661 421 2739 γοῦν
440 2707 535 2720 .....
554 2653 626 2721 όταν
644 2705 652 2722 .
667 2703 696 2718 ..
715 2652 827 2736 risorio,
850 2655 927 2722 πολύ
945 2684 995 2739 μοι
1013 2666 1123 2741 μᾶλλον

105 2747 127 2830 ἢ
146 2759 205 2816 τῶν
226 2752 550 2835 κορυβαντιῶντων
568 2751 587 2836 ἦ
606 2777 636 2818 τε
653 2756 761 2836 καρδία
780 2757 862 2842 πηδᾷ
879 2754 928 2817 καὶ
949 2753 1093 2839 δόκρυαὲ
1111 2794 1121 2804 -

108 2856 198 2930 χεῖται
229 2846 290 2914 ὑπὸ
322 2857 381 2914 τῶν
412 2848 509 2935 λόγων
539 2857 600 2915 τῶν
631 2849 744 2916 τούτου.
791 2849 850 2932 ὁρῶ
881 2850 913 2913 δὲ
939 2852 990 2914 καὶ
1016 2853 1123 2929 ἄλλους

108 2943 343 3028 παμπόλλους
366 2944 400 3010 sd
425 2943 499 3010 oded
521 2945 694 3029 πάσχοντας.

175 3035 369 3126 όικριβολόηος
402 3047 502 3106 solum
534 3047 591 3106 hoc
618 3048 684 3107 loco
712 3047 839 3124 legitur3
870 3046 994 3106 usitatis
1022 3053 1124 3109 autem

107 3143 207 3203 verbis
238 3136 497 3222 ἀκριβολογεῖσθαι
529 3146 560 3202 11
591 3137 781 3221 ἆκριβολοηία
813 3161 882 3202 eum
909 3143 998 3203 facile
1026 3146 1124 3207 subsit

106 3239 191 3298 notio
214 3239 305 3298 nimis
328 3239 482 3299 subtiliter
505 3240 681 3315 disputandi
703 3241 734 3298 et
753 3239 896 3316 quoniam
915 3239 1070 3302 Socratem
1087 3249 1124 3305 ut

107 3335 277 3414 prudentia,
297 3337 477 3415 subtilitate,
498 3337 671 3414 eloquentia
687 3337 821 3397 omnium
836 3330 1024 3399 eruditorum
1037 3342 1122 3402 testi·

108 3431 209 3491 monio
226 3433 393 3512 principem
412 3434 507 3493 fuisse
527 3433 660 3494 affirmat
674 3433 778 3496 Cicero
797 3437 833 3496 de
852 3435 1055 3517 ο111.ΙΠ161
1071 3442 1125 3515 60ἦ
