2466 3832
502 175 721 242 ..35-

106 340 206 420 ganda
229 359 266 400 ex
288 340 331 400 eis
354 339 447 399 etiam
470 339 609 399 sillorum
632 339 779 416 quosdam
801 340 883 400 locos
905 333 955 422 (fr.
972 334 1120 425 32-35)

105 438 256 516 protraxit
263 430 297 520 ¹).
327 441 397 514 6661
410 437 578 515 Diogenem
591 455 662 498 vcro
676 440 798 514 praeter
812 438 940 497 Zenonis
954 428 1120 518 ἀμφοτερο-

106 527 240 616 γλώσσου
262 539 294 596 61
311 535 448 595 Platonis
469 536 754 614 τιμαιογραφοῦντος
771 535 913 594 notitiam
936 537 1033 596 omnis
1056 538 1120 597 fere

106 634 244 695 sillorum
266 633 412 693 memoria
435 631 612 692 oblitterata
634 635 688 692 661.

174 730 363 791 061166166
395 733 468 789 sunt
497 730 636 789 sillcrum
662 729 809 807 reliquiae
836 729 933 807 primo
962 730 1000 790 ab
1028 730 1119 792 Henr.

25 860 31 870 ·
107 829 274 906 Stephano,
299 829 352 905 qui
374 847 443 887 cum
457 820 587 905 Ὁμήρου
605 824 655 886 καὶ
667 821 812 889 Ἡσιόδου
831 821 914 906 616616
931 831 989 888 κτλ.
1009 820 1118 909 (Paris.

107 917 209 1007 1573)
231 945 260 1002 p.
283 926 457 985 126-128
490 942 599 984 novem
624 927 746 984 tantum
772 925 918 1002 reliquias
946 925 1120 1001 complexus

107 1026 194 1101 esset,
212 1042 283 1083 mox
300 1023 333 1080 in
351 1016 451 1082 ‘Poesi
469 1015 690 1099 philosophica'
705 1013 814 1103 (Paris.
829 1014 929 1104 1573)
944 1042 972 1098 p.
989 1024 1117 1082 60-71

105 1121 345 1199 fragmentorum
376 1139 535 1179 numerum
562 1119 652 1180 valde
682 1118 768 1177 auxit
800 1119 978 1196 addiditque
999 1119 1120 1198 Iosephi

107 1218 254 1296 Scaligeri
268 1218 463 1279 coniecturas.
486 1216 556 1276 inde
573 1217 713 1276 silleium
726 1216 898 1294 fragmenta
911 1235 1020 1293 parum
1034 1235 1121 1276 accu-

105 1320 171 1376 rate
194 1316 368 1376 excudenda
390 1315 510 1376 curavit
531 1313 608 1372 nihil
631 1313 668 1372 de
691 1332 746 1373 suo
770 1314 881 1375 addens
900 1314 1010 1373 Daniel
1028 1313 1121 1372 Hein-

106 1414 178 1490 sius,
193 1413 246 1489 qui
259 1413 381 1473 Horatii
396 1411 578 1472 editionibus
593 1412 799 1488 compluribus
814 1412 958 1471 adnexuit
975 1402 1121 1493 (primum

106 1509 135 1568 ei
153 1527 231 1584 quae
250 1501 532 1591 616126661111).
570 1508 676 1568 deinde
696 1509 760 1586 egit
779 1508 815 1567 de
835 1508 959 1567 Timone
982 1508 1120 1585 sillogra-

105 1605 167 1682 phc
194 1605 234 1663 Ie.
256 1605 305 1663 Tr.
328 1605 597 1684 Langheimichius
626 1605 889 1683 dissertationibus
916 1604 1015 1664 tribus
1038 1605 1120 1682 Lips

109 1704 311 1763 1720.1721.
325 1704 419 1781 1723,
442 1705 495 1781 qui
517 1704 653 1764 collectis
671 1703 809 1780 reliquiis
829 1703 990 1762 nonnullas
1013 1703 1120 1779 priori-

106 1800 163 1859 bus
181 1799 352 1878 incognitas
370 1801 481 1861 adiecit
498 1801 694 1879 singulasque
713 1801 809 1860 latine
830 1800 1048 1875 interpretatus
1072 1820 1121 1860 ex·

105 1899 232 1975 plicavit
249 1899 326 1958 fusis
344 1899 580 1975 commentariis3
603 1901 784 1958 nontamen
807 1896 846 1955 ad
868 1896 958 1956 finem
980 1897 1121 1973 perduxit

105 1999 254 2073 coeptum.
286 1999 354 2055 tum
372 1996 510 2055 sillorum
527 1978 699 2073 fragmenta
716 1995 854 2054 auctiora
872 1999 902 2054 61
916 1996 1121 2055 emendatiora

105 2093 264 2170 proposuit
273 2093 446 2153 Brunckius
456 2087 555 2152 ‘Anal
565 2097 657 2155 veter.
667 2094 747 2171 6661.
758 2085 821 2151 Gr?
832 2082 1007 2172 (Argentor.
1019 2084 1120 2172 1785)

43 2204 46 2210 ·
105 2192 177 2248 tom.
190 2191 222 2249 H
235 2211 264 2266 p.
279 2191 320 2248 67
323 2192 387 2248 -7
390 2192 409 2249 8
426 2189 595 2251 6611666116
608 2190 714 2267 666616
729 2187 975 2247 adnotationibus
990 2188 1021 2246 in
1036 2192 1119 2249 tomo
1178 2255 1183 2264 ,

106 2287 215 2347 ultimo
228 2309 257 2364 p.
270 2290 342 2348 139.
371 2286 501 2364 denique
513 2289 546 2347 F.
560 2288 688 2347 Paulius
708 2285 802 2345 edidit
820 2284 959 2343 libellum
978 2279 1026 2343 ‘de
1044 2285 1120 2346 sillis

106 2378 300 2444 Graecorum'
314 2376 464 2465 (Berolini
476 2378 586 2466 1821),
601 2405 661 2464 quo
675 2387 746 2462 6661
758 2382 977 2460 praefationem
992 2381 1027 2439 de
1043 2381 1120 2441 siliis

104 2481 326 2558 praecipueque
350 2480 387 2540 de
409 2482 505 2554 σίλλος
527 2483 610 2543 66616
637 2482 737 2541 radice
761 2480 937 2540 institutam
958 2479 1120 2555 paululum

105 2578 170 2655 egit
202 2577 239 2636 de
267 2579 401 2638 Timonis
433 2580 509 2639 sillis
542 2579 711 2657 adiecitque
744 2578 902 2656 reliquias,
938 2576 990 2636 sed
1021 2595 1120 2653 neque

106 2692 208 2733 omncs
227 2675 351 2753 collegit
369 2694 467 2753 neque
485 2679 595 2736 cuncta
615 2677 804 2754 singularum
822 2674 998 2735 testimonia
1012 2673 1120 2733 attulit

105 2789 203 2849 neque
221 2771 253 2829 in
270 2774 491 2848 pertractandis
511 2774 553 2832 eis
573 2792 695 2850 operam
712 2792 823 2849 ponere
841 2773 949 2833 661611.

171 2868 228 2929 Η16
251 2869 376 2930 66666611
399 2873 526 2931 61859
550 2870 816 2947 disputatiuncula
837 2889 904 2928 mea
927 2864 976 2928 ‘de
995 2870 1119 2928 Timone

104 2966 238 3026 Phliasio
261 2968 430 3045 ceterisque
453 2967 647 3044 sillographis
671 2959 815 3042 Graecis',
843 2985 912 3025 cum
938 2966 1013 3025 mihi
1039 2966 1119 3026 Bon·

104 3065 204 3124 nensis
229 3065 455 3143 philologorum
482 3064 634 3123 seminarii
658 3063 768 3123 seniori
790 3082 899 3122 munus
922 3063 1119 3124 honorificen-

104 3161 255 3221 tissimum
278 3161 493 3221 demandatum
516 3163 636 3220 666616
659 3159 826 3236 sodalibus,
849 3163 887 3219 61
908 3161 974 3221 viro
997 3160 1119 3218 immor·

104 3259 175 3318 talis
197 3259 359 3318 memoriae
381 3256 534 3317 Tridericc
558 3257 724 3333 Theophilo
747 3255 921 3334 77666666,
946 3257 1119 3314 litterarum

104 3356 299 3433 antiquarum
317 3355 418 3415 decori
435 3359 467 3414 et
484 3352 638 3429 cclumini,
656 3351 846 3428 praeceptori
864 3354 967 3410 nostro
986 3348 1118 3409 dilectis·

177 3562 203 3630 1)
223 3559 318 3614 omnia
335 3556 412 3626 apud
428 3553 581 3612 Eusebium
595 3572 692 3626 praep.
711 3571 748 3611 eu.
768 3553 922 3624 descripte..
960 3638 980 3670 a

939 3647 962 3694 3
