2466 3832
105 105 308 148 rnxxxxvm
497 115 534 124 —
585 78 649 143 165
698 116 736 124 —

104 248 219 308 mentio
242 246 278 307 fit
295 246 389 322 nulla,
411 245 517 322 itaqua
536 245 635 303 multo
653 240 841 320 probabilius
862 247 1011 308 statuitur
1029 251 1120 308 antea

104 347 141 406 de
163 346 259 405 isdem
277 341 515 404 Atheniensibus
541 341 660 418 patriae
684 341 841 420 religionis
864 344 1034 406 vindicibus
1058 365 1118 406 ser·

105 463 225 504 monem
247 443 342 502 fuisse
365 458 458 519 quam
480 439 517 499 de
535 438 683 515 Ephesiis.
721 439 899 499 crediderim
917 440 1013 519 igitur
1031 448 1122 504 antea

105 544 263 602 narratum
286 556 350 598 essa
369 537 582 615 Anaxagoram
599 536 728 596 Athenis
744 537 946 614 Lampsacum
965 539 1120 618 aufugisse

106 637 267 699 aPericlis
291 635 471 696 adversariis
495 641 679 714 accusatum,
703 636 784 715 quod
806 636 850 696 rei
868 635 1009 713 publicae
1027 637 1121 698 Athe-

105 736 204 796 niensi
226 734 378 794 contraria
400 733 438 792 de
458 731 505 792 dis
524 734 657 794 sentiret.
672 766 714 774 -
729 734 828 811 ipsius
844 752 916 794 vero
935 734 1121 814 Protagorae

106 836 323 910 circumspecta
340 831 504 909 prudentia
521 850 591 892 cum
609 832 770 908 permultis
788 832 888 894 verbis
906 831 955 892 hic
970 832 1122 912 efferatur,

106 934 208 1009 inepte
236 929 384 1007 scriptum
411 932 457 989 est
480 921 542 989 οὔτ’
568 921 788 1013 dlcyvyloiocp3
814 931 943 1008 pessime
968 931 1047 990 enim
1071 929 1120 988 de-

105 1029 244 1108 pingitur
256 1029 346 1087 homo
360 1026 555 1086 cautissimus
570 1027 670 1087 omnia
684 1029 766 1088 clara
779 1048 852 1090 voce
866 1031 1008 1106 clamans,
1027 1029 1118 1087 immo

106 1127 265 1205 fingendus
296 1127 361 1184 erat
388 1124 450 1183 leni
476 1142 550 1185 voce
576 1129 607 1185 et
630 1124 815 1185 subobscura
838 1127 977 1204 loquens:
1002 1144 1063 1202 qua
1085 1126 1121 1185 de

109 1243 201 1286 causa
218 1223 325 1282 Kemii
347 1217 413 1283 οὔτε
435 1216 622 1305 lcyoyloioop
641 1223 749 1299 recepi.

173 1319 348 1380 Etiam-alii
363 1311 477 1399 (Lacrt.
491 1320 580 1397 Diog.
594 1320 638 1378 IX
653 1321 704 1397 51,
724 1318 783 1378 Cio.
804 1319 839 1378 de
858 1324 919 1380 nat.
939 1321 1018 1379 deor.
1038 1320 1053 1378 I
1070 1323 1120 1398 23,

109 1417 361 1496 633Ph110strec.
384 1417 437 1477 uit.
462 1417 586 1492 sophist.
610 1416 625 1473 I
647 1418 699 1493 103
722 1416 832 1476 Euseb.
855 1436 958 1495 praep.
982 1436 1026 1478 ev.
1050 1416 1122 1476 XIV

111 1519 150 1578 19
175 1506 229 1596 al.)
274 1515 418 1590 proptera
450 1510 531 1590 quod
561 1512 650 1572 initio
678 1513 748 1572 libri
776 1514 824 1573 sui
851 1514 887 1573 de
911 1514 957 1573 dis
981 1513 1121 1573 sibinen

106 1614 223 1690 liquere
237 1611 363 1670 dixisset
377 1608 414 1669 ab
429 1609 666 1670 Atheniensibus
677 1611 876 1690 Protagoram
891 1613 1123 1672 exterminatum

108 1712 232 1787 eiusque
260 1708 353 1767 libros
376 1707 549 1768 combustos
573 1725 637 1766 esse
662 1713 795 1769 narrant.
842 1711 924 1770 solus
947 1714 1049 1770 tamen
1074 1710 1122 1769 Ti·

107 1827 177 1868 mon
200 1808 339 1866 accurate
361 1805 456 1864 refert
473 1806 672 1884 Protagoram
690 1810 761 1866 autc
784 1807 871 1867 litem
890 1809 929 1868 ad
946 1807 1036 1867 finem
1053 1826 1120 1885 per·

107 1905 230 1964 ductam
252 1906 289 1962 ut
312 1902 419 1962 mortis
441 1903 571 1963 multam
589 1903 719 1964 evitaret
737 1924 773 1964 ex
791 1905 916 1965 arbitrio
935 1907 1050 1984 fugisse
1070 1897 1121 1985 (cf.

107 2001 223 2061 Krisch.
243 2002 262 2059 l.
282 2001 301 2058 i.
321 2018 343 2059 s.
362 2020 390 2077 p.
412 1992 500 2081 140).
541 2000 663 2060 initium
685 2002 786 2078 ipsum
809 2002 1009 2061 clarissimum
1033 2001 1123 2079 quale

108 2099 203 2157 fuerit
229 2097 430 2156 multifariam
452 2097 612 2156 traditum:
641 2098 739 2174 quoda
763 2097 934 2157 accuratius
956 2097 1122 2175 Krischius‚

108 2192 240 2269 theolog.
263 2213 292 2268 p.
320 2195 380 2252 132
406 2210 449 2270 sq.
474 2194 620 2270 exposuit.
667 2194 719 2253 sed
749 2193 949 2271 probabiliter
975 2197 1124 2256 statuitur

109 2292 189 2350 inter
220 2289 348 2349 formam
380 2309 398 2348 a
432 2290 523 2349 Sexto
555 2292 681 2350 allatam
713 2295 745 2350 et
774 2291 908 2350 Timonis
940 2291 1123 2351 mentionem

109 2387 268 2447 discrimen
297 2386 418 2445 nullum
444 2387 641 2465 intercedere;
672 2408 771 2466 neque
798 2408 934 2466 unquam
960 2390 1059 2449 solum
1086 2390 1122 2449 da

109 2488 221 2543 natura
250 2484 374 2543 deorum
402 2483 556 2544 dubitasse
584 2486 696 2546 dicitur
721 2485 919 2565 Protagoras,
951 2487 1003 2547 sed
1031 2486 1124 2546 etiam

110 2583 235 2644 diversis
264 2583 361 2642 modis
388 2602 514 2661 negasse
542 2584 616 2662 sint,
642 2602 702 2643 non
726 2585 787 2644 sint
809 2584 938 2663 liquere:
970 2586 1075 2664 itaque
1098 2581 1129 2644 εἴ

108 2699 183 2752 τινες
211 2701 238 2739 v.
262 2682 281 2739 5
310 2698 379 2738 cum
406 2672 544 2740 Bekkero
572 2682 694 2742 correxi.
725 2714 762 2724 -
793 2704 820 2744 v.
846 2684 864 2742 8
893 2677 1008 2762 ψυχρὸς
1035 2676 1125 2755 πότος

109 2783 157 2838 est
176 2779 284 2855 cicuta,
308 2797 385 2854 quae
404 2779 515 2839 hausta
532 2778 666 2840 membra
684 2781 797 2860 frigida
813 2782 921 2859 reddit,
944 2785 981 2841 ut
1001 2801 1036 2841 cx
1054 2781 1124 2841 Pla·

108 2878 188 2937 tonis
213 2876 370 2953 praeclara
390 2879 563 2937 narratione
587 2879 727 2938 omuibus
749 2884 864 2939 notum.

176 2973 317 3033 Ceterum
340 2976 449 3033 notatu
467 2974 602 3052 dignum,
626 2975 781 3035 Socratem
798 2975 896 3034 multo
915 2974 1036 3034 demum
1053 2977 1125 3052 post

108 3071 292 3149 Protagorae
330 3071 435 3148 fugam
467 3071 575 3148 capitis
611 3072 789 3132 damnatum
820 3089 898 3132 asso:
935 3075 968 3130 at
999 3070 1122 3130 minima

108 3167 315 3226 contenderim
334 3166 490 3226 Tim0nem
512 3168 613 3244 ipsum
635 3174 775 3246 tempora
796 3168 975 3245 confudisse,
999 3167 1052 3227 sod
1070 3185 1122 3244 ap·

107 3265 211 3339 posuit
238 3266 296 3323 iste
325 3265 424 3324 solum
450 3265 642 3327 notissimum
670 3271 702 3327 et
725 3269 815 3345 plana
844 3266 998 3345 geminum
1020 3264 1124 3342 poculi

109 3361 192 3419 illius
205 3362 356 3421 mortiferi
370 3363 541 3439 exemplum
551 3357 597 3445 (id
610 3365 693 3443 quod
706 3370 786 3426 recte
798 3366 860 3425 iam
867 3362 997 3442 Produc,
1007 3366 1123 3442 quaeat.

108 3456 230 3536 Protag.
252 3479 282 3536 p.
308 3462 349 3519 62
381 3460 536 3537 perspexit
565 3465 597 3521 et
627 3465 734 3522 contra
759 3462 938 3524 Harbetium
965 3451 1132 3535 defendat.
