2466 3832
525 158 849 229 -28-'

101 358 105 366 ·
127 333 160 388 et
186 329 287 405 ipsum
310 326 379 402 ἔπος
403 328 586 389 vocabulum
613 328 695 405 apud
721 328 934 406 grammaticos
962 330 1149 408 frequentis·

128 427 203 486 sime
222 429 389 502 usurpatur
407 425 580 503 ubicunque
600 426 894 504 comprehenduntur
912 427 1074 504 utriusque
1092 449 1145 509 ge·

128 520 209 583 neris
231 524 353 589 litterae
361 516 395 605 ¹).
1202 526 1205 531 '

195 640 238 699 Vt
264 641 297 698 iu
322 639 412 716 siliis,
440 640 566 698 summis
589 639 732 698 laudibus
756 639 863 698 Timon
885 639 1072 716 Pyrrhonem
1096 662 1146 701 ex-

128 738 203 797 tulit
215 739 247 796 in
261 738 428 814 Pythone
447 736 534 813 libr'o,
548 737 655 814 inquo
669 737 805 797 narrarit
819 737 901 813 quod
915 756 984 796 curn
997 740 1144 817 magistro

129 835 316 913 colloquium
338 834 480 893 habuerit
503 823 624 894 obuiam
646 834 674 892 ei
696 834 795 893 factus
818 833 952 910 Delphos
976 834 1015 893 ad
1033 836 1147 912 Pythia

129 931 293 1010 spectanda
314 931 517 1007 proficiscenti
540 934 571 990 at
595 930 744 1007 quomodo
770 931 822 989 ille
845 930 1001 1016 hominum
1025 932 1158 993 demen-¹

128 1030 204 1090 tiam
226 1020 455 1109 incusaverit2),
478 1031 636 1104 praeterea
654 1028 819 1105 Pyrrhonis
841 1047 939 1088 mores
962 1032 994 1088 et
1011 1029 1145 1090 indolem

130 1127 302 1186 accuratius
343 1126 503 1202 descripsit
513 1117 540 1206 ⁸)
581 1126 707 1203 eiusque
749 1112 916 1185 doctrinam
958 1127 1098 1202 exposuit
1108 1120 1144 1210 ⁴).

129 1227 264 1283 ceterum
293 1217 494 1300 ‘Pythonem'
522 1222 599 1308 libro
627 1222 749 1283 videtur
775 1222 975 1299 inscripsisse,
1004 1224 1086 1300 quod
1113 1225 1146 1282 in

201 1485 227 1552 1)
248 1480 288 1535 cf.
308 1480 405 1550 Scep.
425 1482 490 1550 Byz.
509 1499 535 1535 v.
557 1478 690 1550 Φάσηλις,
710 1480 801 1535 Strah.
820 1499 847 1550 p.
868 1485 919 1534 139
939 1480 996 1534 alii.

200 1591 229 1655 3)
248 1586 288 1640 Of.
307 1585 437 1643 Aristoch
463 1604 507 1656 ap.
530 1584 632 1651 Euseb.
656 1602 753 1656 praep.
782 1603 820 1641 ec.
843 1603 871 1655 p.
896 1591 975 1655 ⁷61⁸,
1003 1587 1052 1642 ubi
1081 1604 1143 1642 cum

130 1664 349 1721 Wilamowitzio
371 1683 398 1734 p.
418 1671 452 1719 37
471 1681 522 1734 pro
542 1660 660 1734 ἀγνοίας
679 1666 802 1734 corrigas
821 1663 930 1728 ἀνοίας.

200 1774 228 1840 3)
247 1769 332 1826 911.
346 1769 379 1823 D.
393 1769 433 1823 IX
444 1775 486 1838 65,
500 1770 549 1825 ubi
564 1769 639 1839 quod
653 1770 683 1823 in
695 1769 823 1839 Pythone
838 1772 873 1826 de
887 1769 1038 1840 Pyrrhonis
1052 1768 1142 1841 ἄπρα-

127 1847 254 1922 γμασύνῃ
279 1849 379 1904 Timon
407 1848 480 1903 dixit
504 1849 606 1904 lacuna
628 1849 761 1905 haustum
786 1853 842 1918 est,
871 1853 1023 1920 sequuntur
1045 1853 1166 1925 statim⁴

128 1948 225 1986 versus
245 1946 260 1984 e
279 1929 349 1985 sillis
367 1929 410 1998 (fr.
430 1931 475 1998 33)
494 1929 590 1998 petiti3
610 1931 684 1984 unde
702 1929 823 1998 profecti
841 1931 987 2002 Menagius
1006 1932 1042 1986 ad
1060 1933 1091 1989 1..
1110 1935 1144 1990 D.

128 2010 167 2064 IX
178 2016 238 2079 199,
256 2008 508 2079 Langheinrichins
522 2009 535 2062 I
549 2028 576 2079 p.
585 2015 631 2078 97,
649 2010 777 2063 Ritterus
792 2014 821 2064 et
834 2010 984 2080 Prellerus,
998 2013 1061 2068 aar.
1071 2015 1142 2084 port.

127 2111 155 2162 p.
166 2097 219 2146 399
234 2089 414 2146 crediderunt
426 2090 541 2145 heroico
555 2093 645 2145 metro
655 2088 813 2158 Pythonem
822 2093 1010 2162 conscriptum
1021 2111 1088 2150 esse.
1108 2093 1143 2151 cf.

129 2170 217 2224 etiam
231 2170 262 2223 L.
277 2169 311 2224 D.
321 2167 360 2223 IX
370 2173 403 2222 63
424 2163 502 2223 καὶὸ
520 2172 615 2239 Τίμων
635 2167 667 2225 δὲ
682 2172 824 2237 διασαφεῖ
837 2173 890 2239 τῆν
905 2168 1039 2228 διάθεσιν
1053 2168 1142 2230 αὐτοῦ

130 2245 307 2320 (Πύρρωνος)
328 2245 360 2304 ἓν
379 2246 421 2311 οἷς
439 2247 510 2317 πρὸς
524 2249 653 2304 Πύθωνα
667 2249 792 2315 διέξεισι.
820 2249 871 2304 His
885 2251 971 2306 -libris
991 2253 1077 2307 etiam
1095 2255 1144 2308 tri-

128 2327 238 2383 buerim
257 2327 333 2398 quod
351 2327 456 2398 legitur
474 2328 550 2398 apud
569 2329 717 2398 Galenum,
734 2329 867 2399 aoddyur.
886 2333 979 2401 empta
998 2350 1027 2401 p.
1046 2339 1089 2400 69,
1108 2339 1142 2389 93

128 2408 246 2464 Bcnnet.
272 2410 363 2478 qualia
386 2414 476 2463 3333
498 2415 537 2465 est
558 2411 708 2464 secundum
730 2414 814 2464 totam
837 2411 923 2465 citam
940 2414 1073 2482 empticus
1092 2457 1098 2470 .
1114 2457 1143 2469 ..

127 2504 212 2558 neque
233 2489 367 2556 superbus
390 2489 507 2542 mistros
529 2493 554 2543 et
576 2492 621 2544 cir
642 2506 700 2544 333
722 2489 878 2556 plasmatus
900 2496 926 2545 ct
948 2494 1144 2562 1933333133

127 2569 227 2637 yterio,
245 2569 317 2622 sicut
330 2568 372 2621 ait
388 2567 487 2623 Timon
499 2568 585 2633 fcisse
600 2568 779 2638 Pyrrhonem.
806 2567 930 2624 indidem
944 2574 1043 2640 procul
1057 2574 1142 2629 dubio

128 2645 210 2698 fluxit
233 2645 324 2699 omnis
347 2645 499 2712 Pyrrhonis
527 2645 678 2715 descriptio
706 2646 781 2715 apud
805 2647 944 2704 Galenum
967 2652 986 2709 l.
1011 2670 1032 2707 a
1060 2654 1142 2708 haec:

82 2727 92 2741 '
127 2742 155 2794 p.
172 2730 215 2790 69,
229 2729 262 2778 19
284 2724 415 2794 Pyrrhae
430 2766 436 2779 .
452 2767 458 2780 .
473 2727 613 2780 3333131313
630 2740 763 2796 quaerens
781 2731 806 2781 et
823 2743 880 2782 333
897 2730 1039 2787 inveniens
1056 2734 1143 2787 amei—

127 2803 208 2874 9etct
234 2803 422 2859 3331333933
448 2805 653 2873 immanifesta,
681 2806 713 2860 in
734 2805 779 2860 die
802 2811 1008 2876 operationibus
1032 2827 1143 2880 sequens

128 2883 266 2938 evidentia
283 2883 325 2952 (id
343 2886 388 2938 est
405 2877 441 2937 τὰ
460 2879 648 2954 φαινόμενα),
670 2885 703 2939 de
725 2887 851 2943 omnibus
874 2896 965 2947 cutem
986 2907 1056 2961 quae
1076 2897 1142 2946 sunt

128 2967 207 3019 3333
234 2963 300 3020 haec
326 2963 465 3032 ambiyens
488 2964 517 3018 ct
538 2980 565 3032 p.
586 2969 687 3032 64,14
714 2965 845 3038 Pyrrhoa
863 3014 869 3024 .
885 3009 892 3024 .
911 2975 970 3026 erat
988 3013 995 3026 .
1011 3013 1017 3026 .
1036 2971 1142 3039 quietus

127 3042 236 3114 quidem
254 3047 279 3096 et
296 3047 466 3109 mansuetus,
489 3043 613 3099 videlicet
629 3059 727 3113 pauca
747 3047 830 3103 certa
848 3049 965 3119 loquens,
987 3048 1060 3103 oinct
1077 3065 1141 3104 333-

128 3122 215 3197 3331,
233 3123 291 3176 arsi
308 3123 404 3192 aliqua
423 3125 568 3178 33333333
586 3124 733 3180 adveniret.

199 3230 227 3298 4)
252 3227 538 3296 3111111133,
567 3246 650 3297 quem
677 3231 772 3287 locum
800 3233 824 3288 si
849 3249 912 3287 cum
935 3232 1043 3287 Zellero
1066 3233 1141 3290 1111

128 3327 155 3378 p.
175 3309 243 3364 484⁸
261 3309 298 3364 ad
316 3307 489 3378 Pyrrhonem
506 3310 710 3378 rettulerimus,
729 3310 905 3367 scribendum
923 3312 967 3365 est
983 3312 1141 3367 necessario

128 3384 144 3441 ὁ
167 3391 262 3458 Τίμων
282 3385 314 3443 ἐν
333 3390 371 3458 τῷ
391 3385 514 3443 Πύθωνι
533 3387 718 3464 (Πύρρωνα)
736 3408 806 3461 φησι
824 3385 861 3458 μὴ
882 3386 1067 3462 ἐκβεβηκέναι
1090 3390 1141 3463 τὴν

128 3463 299 3536 coeddam
324 3471 448 3524 ceterum
471 3467 536 3524 vide
559 3470 595 3524 de
618 3471 756 3526 hocloco
781 3467 965 3526 disserentem
987 3470 1142 3529 Hirzelium

125 3547 167 3602 111
184 3565 211 3617 p.
233 3547 347 3602 1933111.
