2466 3832
305 82 383 185 ¹.
501 131 721 220 -20-

102 294 285 372 aliquotiens
313 312 331 352 a
359 293 468 353 studiis
502 311 580 371 quae
613 294 652 353 ad
681 295 904 372 philosophiam
931 296 1121 371 pertinerent
1181 367 1183 371 .

101 382 266 472 vacasse1).
313 409 405 468 quam
432 392 638 451 narrationem
664 397 701 452 ut
730 393 898 470 confirma,
929 393 990 451 iam
1017 395 1121 481 pergit

102 488 141 547 ad
169 488 390 565 scriptorum
418 491 604 568 catalogum,
633 508 723 568 quem
745 490 792 550 his
816 491 916 553 verbis
939 496 1120 568 conceptum

102 585 198 645 tradit
220 587 371 666 Diogenes
397 589 416 646 1.
441 605 477 647 s:

168 687 219 750 ael
244 686 311 772 γάρ
338 687 488 772 ποιήματα
520 690 685 776 συνέγραφε
712 692 764 755 καὶ
791 692 847 773 dap
875 693 925 754 καὶ
952 695 1119 781 τραγῳδίας

100 785 151 849 καὶ
169 783 314 869 σατύρους
337 787 402 867 [καὶ
422 783 554 869 δράματα
571 784 687 869 κωμικὰ
704 785 875 869 τριάκοντα,
898 786 933 851 τά
952 788 985 851 δὲ
1004 784 1063 874 (sio
1079 794 1120 871 H,

102 881 135 946 di
162 887 211 947 hio
239 889 332 948 habet
347 889 448 975 etiam
470 889 514 966 B,
544 908 614 948 cum
640 890 734 967 vulgo
761 889 810 948 hic
832 883 867 949 τὰ
891 884 923 949 δὲ
946 890 1037 967 desit,
1067 891 1121 951 sed

101 988 172 1061 post
189 980 310 1064 τραγικά
330 986 461 1045 addatur
482 979 529 1068 δὲ)
551 980 673 1070 τραγικά
692 981 865 1065 ἕξήκονιαᾞ,
888 987 1004 1060 σίλλους
1022 1009 1051 1047 τε
1070 985 1121 1048 καὶ

101 1081 264 1154 κιναίδους.
309 1080 427 1161 φέρεται
455 1077 485 1143 d’
512 1077 604 1144 edred
632 1081 682 1144 aei
709 1079 915 1165 καταλογάδην
937 1085 1038 1164 βιβλία
1061 1083 1120 1162 [εἰς

93 1176 182 1239 dcciv
204 1179 335 1239 τείνοντα
358 1174 505 1259 μυριάδας
529 1173 634 1257 deols

168 1294 204 1352 In
236 1294 283 1354 his
316 1291 400 1356 vides
432 1296 525 1356 verba
555 1315 633 1373 quae
661 1298 803 1356 cancellis
831 1298 993 1374 dupliciter
1021 1298 1122 1376 saepsi

103 1412 140 1450 ex
167 1393 264 1453 altero
294 1394 378 1452 fonte
408 1411 504 1470 eoque
532 1394 784 1472 pinaoographico
813 1387 847 1476 (i.
872 1414 895 1454 e.
921 1415 957 1455 ex
980 1390 1120 1479 Sotione)

103 1490 147 1548 eis
174 1490 279 1549 addita
306 1509 370 1550 esse
394 1510 473 1568 quae
497 1510 533 1550 ex
555 1492 654 1568 priore
679 1484 712 1573 (i.
737 1511 769 1551 e..
784 1492 940 1570 Antigono
964 1488 1120 1577 Carystio)
1208 1561 1213 1569 ,

102 1579 260 1669 flmere2).
307 1607 367 1664 qua
405 1589 520 1666 origine
558 1609 627 1648 non
660 1594 819 1665 perspecta
855 1591 912 1650 hoo
944 1594 1121 1652 testimonio

103 1686 176 1745 olim
199 1685 287 1744 abusi
315 1688 387 1743 sunt
414 1685 535 1744 adduc
560 1686 678 1746 diversa
703 1687 757 1744 illa
781 1705 859 1762 quae
886 1687 1035 1747 finxerant
1057 1695 1122 1749 tra·

102 1782 228 1860 geediae
250 1800 376 1859 genera,
399 1781 529 1858 lyricum
548 1786 579 1849 et
597 1782 809 1860 dramaticum,
832 1777 1029 1864 probanda3).
1068 1788 1124 1847 sed

102 1879 208 1938 insunt
244 1879 337 1937 etiam
374 1879 528 1956 graviores
570 1877 775 1936 difficultates.
825 1881 906 1936 recte
943 1880 1023 1938 enim
1060 1882 1123 1942 duo

103 1977 298 2037 offensionem
338 1981 474 2057 movent,
514 1976 646 2053 primum
688 1975 769 2052 quod
788 1975 937 2041 ¹Timonis
975 1975 1123 2059 ἰνδαλμοί,

102 2094 211 2151 poema
233 2079 304 2152 post
327 2075 412 2135 sitlos
436 2075 571 2135 omnium
593 2073 797 2151 notissimum,
828 2074 876 2132 hie
899 2093 969 2134 nen
993 2093 1123 2136 comme·

102 2176 273 2251 morantur,
302 2172 409 2232 deinde
438 2172 520 2250 qued
543 2171 634 2231 olttoc
663 2189 739 2248 quos
752 2170 847 2230 'inter
875 2172 960 2248 epica
988 2174 1124 2234 carmina

102 2271 309 2333 numeraveris
335 2291 396 2330 non
423 2275 493 2347 post
520 2267 592 2347 ἔπη,
621 2269 674 2327 sed
701 2269 779 2329 falso
801 2270 867 2329 loeo
891 2273 961 2345 post
984 2270 1124 2332 dramata
1202 2308 1207 2319 ·

103 2386 173 2426 cum
210 2369 342 2428 cinaedis
379 2369 556 2427 afferrmtur.
601 2369 766 2442 utrumque
800 2367 914 2426 conicio
951 2368 1122 2444 profectum

104 2484 168 2524 esse
187 2485 223 2524 ex
241 2485 324 2525 mere
344 2465 476 2542 quodam
494 2463 761 2541 grammaticorum
781 2462 978 2541 Graecorum3
997 2466 1029 2523 in
1047 2467 1124 2525 tria
1209 2528 1216 2539 ,

104 2563 184 2621 enim
212 2580 323 2639 genera
354 2562 401 2619 illi
431 2579 549 2620 omnem
580 2560 687 2636 poesin
719 2561 952 2639 distribuerunt,
986 2563 1123 2622 carmina

105 2658 203 2734 epica,
227 2658 406 2734 dramatica,
429 2658 549 2732 melica3
571 2657 604 2714 in
625 2657 724 2732 prima
746 2677 817 2719 vero
841 2660 930 2718 classi
949 2661 1042 2718 etiam
1061 2661 1122 2720 ele·

106 2754 192 2831 giaco
207 2757 303 2812 metro
323 2752 493 2829 conscripta
511 2755 657 2829 poemata
671 2755 748 2830 epici
767 2757 939 2834 argumenti
958 2758 1124 2818 collocasse

179 3012 205 3078 1)
220 3010 265 3064 Ita
279 3009 354 3065 enim
368 3009 579 3080 interpretanda
593 3027 651 3066 esse
666 3012 752 3067 verba
765 3009 823 3067 ἀπὸ
839 2974 1005 3082 praecipere
1019 3014 1125 3082 (neutr.

107 3089 181 3160 gen.)
200 3084 332 3158 ἐσχόλαζε
351 3091 427 3143 recte
441 3088 548 3158 primus
561 3089 703 3145 intellexit
716 3089 951 3148 Wilamowitzius
964 3111 992 3162 p.
1007 3098 1042 3148 42
1058 3093 1125 3150 adn.

179 3189 206 3256 2)
226 3185 302 3241 Duos
317 3185 442 3240 diversos
461 3185 553 3242 fontes
571 3187 602 3240 in
614 3187 669 3242 hee
684 3189 814 3260 catalogo
830 3189 1041 3262 conglutinatos
1061 3208 1126 3251 esee

106 3265 163 3319 iam
182 3265 250 3320 olim
269 3283 287 3320 a
304 3282 350 3320 me
369 3267 407 3334 (p.
425 3266 452 3333 9)
473 3265 638 3334 coniectum,
658 3284 731 3323 nuno
751 3272 908 3326 accuratius
928 3272 957 3325 et
974 3271 1088 3340 plenius
1107 3290 1127 3330 a

108 3346 326 3401 Wilamowitaio
345 3364 372 3415 p.
392 3350 426 3399 42
446 3346 509 3400 adn.
529 3345 720 3415 explanatum.

179 3435 206 3501 8)
226 3434 267 3488 cf.
286 3432 456 3502 Loheckius,
475 3434 611 3504 Aplacple.
630 3454 658 3505 p.
679 3442 739 3503 977,
758 3435 808 3505 qui
827 3438 922 3491 tamen
943 3436 1004 3506 ipse
1022 3456 1051 3508 p.
1072 3444 1127 3496 978

107 3511 287 3567 iterationem
305 3514 516 3583 tragoediarum
533 3532 681 3584 perperam
701 3516 830 3586 explicat.
