2466 3832
109 168 158 208 nn„
172 167 297 210 τιτι-το
494 183 536 190 -
585 146 647 212 199
694 184 736 191 -

453 417 456 423 ¹
501 343 530 403 V
553 337 588 426 (8
612 338 729 428 Bergk)

268 457 350 528 ούδέ
370 485 403 527 τι
427 463 507 546 <σοί
526 466 584 548 pa>
605 461 814 549 συνέμποροί
834 466 913 548 εἰσι,
937 468 1076 554 φίλυβρι

151 564 328 654 (Ἡδονή)

107 686 319 696 ,....-..-..--

175 751 260 794 rnen.
298 733 462 794 Clemens
484 734 590 817 Alex„
607 737 710 795 strom.
729 735 760 794 Π
780 736 835 813 20,
857 738 917 797 121
938 757 967 813 p.
989 738 1062 815 17⁷,
1079 740 1121 796 44

109 831 200 909 sylb,
225 834 289 893 492
313 832 394 891 Pott.
424 825 442 892 δ’
469 853 498 892 τε
529 832 661 910 Θηβαῖος
689 826 820 910 Κράτης·
853 825 923 892 ςτῶν
951 826 1006 909 δέ’,
1039 850 1124 912 φησι,

109 924 220 1008 ’κρύτει
242 925 311 990 κτλ.’
336 921 387 1011 (fr.
413 931 431 989 3
455 921 590 1011 Bergk).
615 922 707 989 ((ούδὲ
732 961 771 972 -
797 929 950 1009 φίλυβρι».

178 1071 230 1120 ul
252 1060 320 1120 ούδέ
338 1085 366 1118 τι
384 1064 495 1134 scripsi:
515 1058 579 1120 οὔδ’
602 1062 643 1119 ἔτι
660 1064 735 1133 libri,
755 1059 819 1118 οὐδ’
839 1067 871 1120 εἴ
880 1085 907 1120 τι
921 1064 1043 1136 Sylburg
1058 1067 1063 1135 Ι
1079 1065 1128 1120 σοί

107 1172 139 1221 γε
155 1152 219 1209 add.
234 1154 337 1224 Bergk,
351 1155 440 1223 τοίγε
455 1153 586 1222 Hartung
602 1155 607 1223 Ι
623 1150 801 1223 τυνέμιιορόν
816 1148 873 1210 ἐστι
885 1153 1006 1226 Sylburg
1021 1156 1026 1224 Ι
1041 1151 1123 1224 φιλύ-

106 1243 184 1314 βρεις
201 1243 332 1313 Hartung
345 1243 355 1312 ΙΙ
368 1261 393 1297 r.
410 1248 426 1296 λ
441 1238 545 1311 Ἡδονή
564 1243 627 1297 add.
643 1243 745 1313 Bergk,
763 1243 813 1312 qui
831 1244 884 1297 hoc
902 1245 1020 1299 verbum
1036 1243 1124 1299 etiam

107 1331 190 1386 initio
209 1331 295 1400 ipsius
314 1349 410 1386 versus
429 1331 512 1401 primi
532 1329 656 1400 suppleri
674 1347 757 1401 posse
775 1332 874 1402 postea
891 1331 997 1387 adiecit

175 1515 270 1557 ccum.
306 1496 390 1555 Haec
418 1501 500 1556 arcte
528 1497 690 1557 cohaerent
716 1515 785 1556 cum
812 1499 848 1555 fr.
871 1498 947 1576 HH,
977 1504 1014 1559 ut
1040 1503 1120 1559 recte

107 1594 261 1673 perspexit
278 1593 441 1672 Bergkius3
464 1593 604 1671 pergitur
627 1595 706 1654 enim
724 1594 756 1653 in
774 1595 976 1656 describendis
996 1597 1123 1675 cynicis3

107 1693 161 1752 sed
180 1712 239 1752 non
261 1691 355 1768 probo
374 1692 503 1750 eundem
526 1692 579 1768 qui
597 1710 677 1751 nunc
696 1691 771 1751 haec
789 1695 933 1770 temptat:
954 1688 1023 1753 ‘nisi
1042 1696 1122 1755 forte

107 1791 222 1849 coaluit
250 1791 307 1849 hoc
334 1790 540 1868 fragmentum
567 1808 636 1849 cum
661 1790 697 1848 fr.
723 1792 741 1850 3
765 1811 793 1851 r.
818 1793 846 1850 2.
872 1793 890 1851 3
918 1794 955 1851 ut
982 1792 1023 1852 sit
1050 1793 1123 1852 scri-

105 1887 237 1948 bendum

173 1987 244 2055 ole’
269 1987 329 2056 ύττδ
352 1993 495 2074 χρυσείων
518 1989 727 2073 δουλούμενοι,
751 1989 822 2056 οὔθ’
847 1988 899 2055 ἀντ’
924 1989 1041 2076 ἔρύτοιν

172 2087 359 2169 τηξιττόθων,
383 2084 449 2152 οὐδ’
474 2090 504 2152 εἴ
520 2112 548 2151 τι
570 2086 757 2170 συνέμυορόν
780 2090 839 2153 ἐστι
862 2092 985 2171 φίλυβρι

172 2181 269 2272 ἡδονῇ
292 2183 519 2266 ἀνδραποδώδει
540 2191 598 2249 τιτλ.
622 2181 664 2270 (v.
684 2190 720 2248 fr.
737 2191 755 2250 9
776 2188 833 2264 [=
851 2189 896 2249 VI
913 2189 942 2248 h.
962 2182 1068 2271 coll.]).

106 2322 177 2364 nam
199 2304 235 2362 fr.
257 2305 275 2363 8
301 2303 405 2381 potuit
427 2303 581 2364 commode
604 2304 659 2364 hos
682 2304 758 2364 duos
781 2321 886 2364 versus
910 2305 1053 2364 continuo
1073 2323 1123 2364 ex·

106 2395 225 2480 cipere’.
281 2400 392 2479 quibus
430 2419 548 2478 oppono
582 2401 715 2479 primum
747 2400 911 2461 admodum
942 2402 1021 2461 male
1053 2405 1124 2479 post

108 2492 302 2577 δουλούμενοι
329 2499 434 2559 iterari
461 2492 638 2577 ἀδούλωτοι,
665 2497 772 2558 deinde
795 2518 867 2560 uero
890 2517 1011 2560 versum
1034 2498 1123 2559 illum

105 2598 342 2676 pentametrum,
379 2598 433 2675 qui
464 2597 496 2655 in
528 2597 564 2655 fr.
595 2599 613 2657 3
647 2596 800 2656 antecedit
827 2595 902 2656 duos
930 2615 1036 2658 versus
1063 2597 1123 2656 huc

106 2696 235 2771 tractos,
259 2692 323 2754 sine
346 2695 411 2754 ulla
433 2693 659 2772 probabilitatis
683 2694 781 2772 specie
805 2693 843 2754 ab
867 2695 909 2754 eis
933 2694 1061 2774 seiungi.

504 2849 719 2860 ————

487 3007 589 3094 V1(9
613 3005 739 3095 Bergk.)

150 3122 259 3217 ἡδονῇ
283 3124 538 3215 ἀνδραποδώδει
561 3126 750 3196 ἀδούλωτοι
772 3127 828 3196 καὶ
851 3125 1015 3196 ἀκναιιτοι

149 3232 325 3321 ἀθανάτην
347 3239 521 3322 βασίλειαν
545 3236 742 3324 ἐλευθερίην
768 3232 826 3320 [τ’]
850 3231 1034 3322 ἀγαπῶσιν.

172 3437 259 3480 unsr.
283 3419 447 3480 Clemens
469 3418 568 3480 Alex.
592 3424 695 3481 strom.
719 3421 750 3480 H
774 3422 825 3499 20,
850 3423 911 3481 121
936 3440 964 3497 p.
987 3422 1059 3500 177,
1080 3420 1123 3480 48

105 3514 197 3594 τηου,
220 3520 285 3578 493
309 3518 391 3578 Post.
415 3510 499 3600 (post
521 3519 729 3579 testimonium
752 3518 791 3578 m
813 3519 849 3578 fr.
870 3518 899 3577 v
922 3507 1125 3596 susceptum)
