2466 3832
492 166 534 176 —
584 129 647 195 152
693 167 734 175 —
993 157 1129 201 mouss-

105 301 283 376 oorroptum
309 295 436 358 tertium
462 312 584 356 versum
611 294 769 354 emendare
798 297 831 355 et
858 297 1000 374 supplere
1025 301 1130 360 eonati

106 399 185 458 sunt.
223 394 402 486 sumendum
424 394 506 453 enim
527 410 608 452 nuno
631 395 686 469 est,
708 391 769 452 duo
794 391 879 454 Sexti
895 394 993 456 verba·
1006 395 1131 475 reliquo

105 486 227 572 ἀιιιιθῆ,
255 484 454 576 ἀμειάβλῆιον
481 490 632 568 explicare
655 489 790 550 Timonis
819 491 977 568 epitheton
1004 485 1129 578 ἀσκηθῆ

106 596 137 652 et
161 590 309 670 quidquid
331 591 442 649 lacuna
465 589 611 648 haustum
631 590 688 649 est.
720 600 831 665 'nequo
855 588 991 649 dubitari
1013 595 1128 671 potat,
1205 608 1207 657 ;

106 691 180 768 quin
202 690 287 750 Sexti
309 681 417 765 ἀπαθῆ
438 689 555 764 spectet
577 686 616 745 οδ
637 684 764 747 verbum
785 684 981 746 Homericum
1004 681 1128 768 ἀσκηθῆ

105 806 123 846 a
139 789 264 849 Timone
277 789 469 863 usurpatum,
486 804 555 845 eum
567 783 747 862 praesertim
760 802 848 844 nemo
861 788 985 862 preater
999 784 1128 848 Sextum

104 885 161 944 hoe
189 877 295 961 ἀιινθῆ
319 883 411 943 verbo
433 886 542 942 utatur
565 881 604 940 ad
625 881 819 956 Xenophanis
842 881 933 942 deum
954 883 1127 945 describen-

104 981 185 1060 dum,
204 983 269 1060 ipse
287 1000 360 1044 voro
377 979 458 1040 idem
476 981 568 1040 iteret
585 979 691 1056 Pyrrh.
710 979 814 1055 hypot.
829 979 876 1038 ΠΙ
892 980 955 1038 218
976 971 1127 1060 (σφαῖραν

106 1072 236 1160 ἀπαθῆ).
270 1078 324 1138 sed
345 1077 451 1154 quaeri
474 1095 546 1136 sano
564 1079 667 1153 potest
684 1078 790 1135 uuum
807 1096 886 1137 novo
906 1076 1044 1137 Timonis
1064 1079 1127 1139 oui·

106 1177 177 1237 dam
196 1176 340 1253 epitheto,
358 1175 445 1234 volut
463 1164 601 1251 μόνιμον,
618 1174 802 1250 respondeat
816 1173 900 1234 Sexti
913 1165 1127 1254 ἀμετάβλητον,

105 1291 144 1334 an
177 1271 328 1351 generalis
360 1271 459 1330 solum
492 1270 641 1347 quaedam
670 1271 768 1348 notio,
800 1271 888 1333 velut
913 1264 1055 1351 ιιάμιιιιν,
1089 1275 1128 1334 οδ

106 1364 227 1449 ἀσκηθῆ
246 1370 365 1430 adiecta
387 1368 483 1429 fuerit
500 1387 519 1428 a
536 1371 627 1446 poeto
646 1372 678 1428 et
696 1367 805 1428 Sextus
823 1368 923 1428 rarius
941 1369 1128 1432 vocabulum

106 1461 226 1546 ἀσκηθῆ
242 1467 360 1528 duobus
376 1466 533 1528 adieetivis
542 1459 648 1544 ἀπαθῆ
659 1470 691 1526 et
699 1459 899 1545 ἀμετάβλητον
907 1467 1128 1544 interpretatus

105 1566 153 1625 sit.
188 1565 301 1626 similos
319 1565 416 1643 igitur
433 1583 538 1624 aarum
557 1582 633 1641 quas
651 1581 731 1623 nuno
750 1563 919 1641 significavi
933 1565 1128 1629 oonieoturas

108 1664 212 1740 aliqua
231 1681 300 1721 oum
318 1661 543 1739 probabilitate,
566 1663 695 1721 fortasse
714 1661 806 1720 etiam
826 1662 940 1722 maiore
959 1664 1129 1742 excogitari

108 1764 237 1836 possunt
258 1761 375 1835 plures3
399 1760 451 1818 sed
474 1778 552 1836 quae
575 1760 607 1817 in
629 1759 691 1818 alia
714 1758 825 1818 abeant
846 1760 938 1824 reioio
963 1779 1075 1822 omnes.

174 1855 316 1915 Getarum
337 1859 459 1932 praeter
480 1856 586 1915 landes
609 1860 696 1933 patet
718 1856 811 1915 otiam
833 1857 1003 1917 irrisionem
1026 1859 1129 1920 Xeno·

105 1954 215 2030 phanis
232 1952 280 2012 his
298 1952 435 2024 versibus
454 1953 552 2012 inesse
571 1972 699 2030 eamque
715 1954 749 2011 in
767 1971 801 2012 eo
821 1956 1023 2034 conopionem,
1044 1960 1130 2035 qnod

105 2052 304 2129 philosophus
328 2051 381 2129 qui
399 2050 525 2112 Homeri
545 2050 730 2128 Hesiodiqus
753 2050 790 2109 de
813 2052 859 2110 dis
883 2058 1055 2114 commenta
1078 2075 1130 2116 ex·

105 2151 270 2228 agitaverit
297 2150 361 2226 ipse
390 2168 504 2212 novum
530 2149 621 2210 <ioum
648 2148 830 2229 δογματικῶς
853 2148 985 2227 finxerit,
1013 2151 1130 2214 ideirco

105 2247 298 2321 potissimum
320 2266 381 2307 non
404 2266 527 2324 prorsus
551 2242 673 2324 ἀινφος.

550 2549 677 2608 XXXXI

150 2657 223 2728 ἀλλ’
243 2659 285 2729 οά
303 2686 360 2747 μοι
379 2660 508 2728 τούτων
527 2663 705 2748 φλεδόνων
723 2665 827 2751 μέλον
846 2661 1005 2753 οὐδὲγὰρ
1020 2663 1129 2737 ἀλλον

150 2763 302 2849 οὐδενός,
322 2761 363 2831 οὐ
381 2769 558 2846 Φαίδωνος
577 2766 653 2848 ὄνοις
670 2770 711 2855 γέ
723 2772 829 2857 τ<ις>,
849 2767 927 2839 οὐδ’
944 2770 1127 2865 ἐριδάντεω

151 2868 353 2953 Εὐκλείδεω,
376 2874 594 2958 Μεγαρεῦσιν
619 2869 656 2952 ὃς
679 2878 800 2961 ἔμβαλε
823 2874 952 2944 λύσσαν
976 2878 1128 2966 ἐρισμοῦ.

404 3054 525 3099 ΗΟΜΕΒῙ
547 3058 687 3101 nnrorrl
709 3058 826 3103 VERSVS

99 3145 134 3200 'in
152 3164 177 3201 v.
200 3151 227 3202 1:
248 3149 269 3200 Z
288 3149 341 3200 450
363 3139 425 3201 ἀλλ’
447 3142 481 3201 οά
499 3165 547 3217 μοι
568 3147 673 3217 Τρώων
691 3147 793 3205 τόσσον
812 3149 890 3219 μέλοι
908 3147 994 3222 ἀλγος
1011 3156 1068 3209 κτλ.

205 3272 206 3275 ¹
248 3235 263 3301 ξ
282 3239 335 3290 510
353 3235 392 3307 τῷ
412 3230 476 3292 οὔτ’
498 3233 621 3306 ἐσθῆτος
639 3235 775 3308 δινῆοοοι
794 3234 860 3295 οὔτε
879 3258 929 3296 τον
948 3237 1036 3297 ἀλλον

104 3346 318 3356 --.--···-

172 3420 258 3461 uisu.
291 3403 466 3464 Laertius
498 3404 600 3483 Diog.
623 3405 655 3465 H
687 3409 748 3468 107
781 3409 846 3478 ταῖς
877 3426 907 3468 ιο
938 3401 1127 3484 ἀποδείξεσιν

105 3490 235 3578 ἐνίοιοιιο
260 3488 433 3582 (Euolides)
458 3495 495 3562 οά
518 3495 591 3562 roric
614 3496 758 3580 λήμματα,
780 3495 854 3562 ἀλλά
876 3497 940 3564 κατ’
966 3501 1127 3588 ἐκιφομάν.
