2466 3832
476 207 517 217 ·-
566 171 629 236 138
677 207 718 214 -
977 194 1107 237 umorue
1216 236 1219 255 ζ

155 353 250 394 eona.
285 335 370 394 Nihil
398 336 461 394 fere
489 338 610 412 praeter
633 353 669 394 ea
692 352 769 412 quae
792 333 968 395 Athenaeus
991 337 1011 395 1.
1036 354 1060 396 s.
1084 355 1106 396 s.

92 437 122 492 et
141 433 211 510 epit.
226 433 242 491 I
260 455 288 511 p.
305 436 359 493 15ο
379 452 415 492 ex
430 432 585 510 Antigono
601 431 741 510 Carystio
758 433 897 494 narrarit
914 433 951 492 de
971 432 1105 495 Ctesibio

90 530 176 590 nobis
200 534 400 608 compertum3
425 530 581 590 sufficiunt
603 533 706 589 tamen
728 531 802 590 haec
823 530 861 588 ad
883 530 1105 610 intellegendos

93 627 229 686 Timonei
252 646 357 688 versus
376 629 462 687 sales
498 631 601 704 potest
622 629 751 688 fortasse
771 627 854 704 addi,
879 646 915 686 ex
932 629 1131 690 narratiun·‘

90 727 174 802 cula,
208 745 299 802 quam
332 744 368 784 ex
399 726 503 785 eodem
530 725 685 804 Antigono
713 725 854 790 Laertius
882 726 971 804 Diog.
994 727 1039 786 IV
1063 730 1104 788 37
1213 740 1228 787 ὲ

90 823 189 899 petiit
204 823 284 881 effici
300 842 466 898 pauperem
479 824 632 882 hominem
650 822 752 881 fuisse.
785 841 875 899 quem
894 841 963 882 cum
981 827 1106 901 propter

91 938 242 979 sermones
270 920 384 979 facetos
411 921 619 998 gratissimum
648 921 749 980 visum-
773 939 875 980 omnes
903 921 1044 982 lubenter
1067 921 1105 980 ad
1223 976 1225 1011 3

91 1017 230 1078 convivia
252 1017 439 1094 vocaverint,
464 1023 494 1078 et
517 1019 741 1096 apophthegma
764 1018 845 1093 quod
865 1017 977 1077 Athen.
1000 1018 1020 1076 l.
1040 1036 1063 1077 s.
1083 1036 1105 1078 s.
1223 1076 1226 1091 ,

90 1114 197 1174 attulit
233 1115 423 1192 intellegitur
464 1118 496 1174 et
532 1116 688 1192 epitheton
725 1114 859 1175 Timonis
897 1108 1106 1205 δεικνομανης.

90 1208 180 1269 fidem
190 1215 293 1270 autem
303 1211 447 1289 quoniam
460 1230 584 1288 prorsus
594 1212 711 1271 excedit
725 1212 877 1272 hominem
887 1212 941 1290 qui
950 1213 1107 1290 eleganter

91 1308 155 1384 pila
186 1309 295 1368 luserit
328 1301 413 1390 (Ath.
437 1310 453 1368 Ι
475 1310 494 1368 l.
518 1301 556 1391 s.)
588 1313 712 1386 tamque
745 1310 850 1369 hilaris
885 1309 979 1368 animi
1012 1308 1106 1413 sucipit

89 1407 203 1466 mortui
226 1409 329 1466 oeulos
352 1406 494 1466 habuisse
518 1399 710 1488 (dormitavit
732 1427 803 1469 vero
826 1407 1009 1468 Eustathius
1037 1424 1106 1465 cum
1224 1456 1226 1491 ÷

91 1504 165 1584 haec
189 1505 228 1562 ad
251 1505 416 1564 deformem
437 1505 546 1564 faeiem
569 1499 718 1588 rettulit),
747 1505 916 1565 necessaria
942 1505 1018 1563 mihi
1040 1504 1106 1565 visa

92 1606 139 1677 est
161 1601 438 1679 Schweighaeuseri
467 1604 653 1681 coniectura,
683 1622 759 1682 quae
788 1604 854 1679 ipsa
878 1602 1107 1662 commendatur

91 1699 279 1775 oppositione
304 1719 388 1775 quae·
405 1700 485 1759 inter
507 1701 580 1759 haec
605 1704 636 1759 et
653 1701 790 1776 proxima
808 1699 901 1760 verba
922 1718 982 1759 non
1004 1699 1106 1759 minus

90 1795 293 1854 intercessisse
313 1799 405 1873 atque
425 1799 507 1873 apud
520 1797 687 1856 Homerum
705 1797 862 1875 probabile
882 1802 935 1857 est.
969 1800 1000 1857 et
1018 1815 1106 1876 saga·

91 1890 166 1949 citer
178 1891 243 1968 ipse
258 1892 559 1970 Schweighaeuserus
574 1895 722 1956 animadv.
737 1900 809 1955 tom.
824 1894 855 1953 Π
868 1915 898 1970 p.
914 1896 978 1954 564
996 1884 1107 1974 νεβροῦ

90 1987 232 2065 explicat:
268 1983 397 2050 Ἳιίκκκίί
424 1993 519 2052 oculos
546 1993 666 2058 habeas,
699 1991 731 2049 id
759 1995 804 2051 est
835 1992 966 2059 mobiles,
995 1990 1106 2069 quibus
1228 2070 1230 2095 η

90 2091 228 2164 prompte
261 2088 465 2165 circumspicis
494 2094 524 2149 et
553 2088 714 2165 expiscaris
742 2089 796 2148 ubi
825 2090 943 2148 lautam
970 2089 1106 2166 aliquam
1228 2120 1230 2125 <

91 2204 215 2245 coenam
237 2187 421 2264 adipiscaris.
464 2187 506 2247 sic
531 2187 612 2264 quod
636 2188 671 2246 de
695 2188 783 2246 eorde
807 2187 957 2247 Homerus
981 2186 1107 2263 dixerat,

90 2283 216 2362 κραδίην
248 2278 278 2342 τ’
308 2279 445 2362 ἐλάφοιο,
482 2285 513 2344 id
545 2286 584 2344 ad
616 2286 720 2344 oculos
752 2284 945 2343 transtulerit
977 2277 1106 2343 Timou'.
1228 2304 1231 2315 ·

92 2381 233 2460 ambigue
261 2401 331 2442 vero
360 2383 474 2443 dietum
503 2385 550 2442 est
576 2381 704 2459 κραδίην
727 2375 757 2463 δῖ
783 2373 948 2443 ἀκύλιστον.
995 2381 1107 2458 quibus
1229 2370 1230 2413 ³

90 2479 189 2539 verbis
214 2479 319 2538 dubito
343 2501 417 2539 num
440 2481 537 2540 cordis
561 2480 688 2539 durities
713 2474 810 2538 ‘flecti
831 2472 957 2554 nescia'‚
985 2478 1022 2538 de
1046 2497 1108 2556 qua
1133 2473 1138 2481 ’

93 2577 260 2648 somniatur
273 2577 463 2652 Eustathius‚
481 2577 603 2636 aliunde
622 2581 703 2637 certe
720 2594 844 2654 prorsus
864 2577 978 2654 ignota,
997 2576 1107 2635 descri-
1227 2595 1231 2613 ¹

92 2672 197 2748 batur3
221 2673 399 2732 crediderim
421 2673 498 2731 hanc
521 2674 764 2734 immobilitatem
786 2675 889 2751 potius
913 2676 1049 2750 spectare
1068 2673 1108 2732 ed

92 2769 303 2845 pertinaciam,
328 2788 389 2846 qua
407 2772 512 2828 contra
531 2771 613 2830 cibos
632 2776 663 2830 et
684 2775 758 2847 pota
780 2790 917 2849 pugnare
935 2771 1033 2831 soleat
1056 2760 1108 2850 (ut

93 2866 212 2941 saepius
241 2865 323 2941 apud
345 2867 514 2940 Matronern
539 2869 736 2929 convivarum
759 2869 888 2930 aviditas
912 2887 981 2928 cum
1003 2884 1108 2944 pugna

93 2956 313 3043 eomparatur).
360 2965 413 3023 sed
444 2964 567 3024 videtur
604 2984 673 3025 sane
707 2967 799 3025 etiam
831 2966 946 3027 ventris
978 2963 1106 3024 durities
1230 3008 1231 3015 κ

93 3061 178 3137 carpi
201 3079 235 3120 eo
259 3063 340 3138 quod
362 3063 415 3122 ille
438 3062 528 3121 nimis
553 3065 643 3141 gulae
666 3064 794 3124 indulsit
817 3060 932 3123 effecta

159 3158 265 3217 Potuit
286 3177 356 3219 sane
375 3159 536 3220 Homerica
555 3163 743 3239 oppositione
763 3164 883 3222 servata
902 3159 1108 3236 sillographos

93 3255 222 3315 scribere
245 3254 373 3334 κραδίην
393 3253 428 3344 δὲ
450 3257 607 3334 κννίσκον,
630 3264 666 3319 ut
688 3260 817 3319 Plautus
841 3256 959 3334 Captiv.
984 3256 1025 3316 85
1042 3273 1107 3333 sqq.

92 3353 242 3429 parasitos
262 3372 329 3413 cum
349 3354 473 3413 canibus
493 3357 691 3431 comparavit:
715 3357 768 3415 sed
786 3357 905 3414 mutare
923 3372 984 3413 non
1000 3353 1107 3412 ausim.
1232 3383 1233 3389 ν
