2466 3832
503 161 635 226 -436
680 196 723 207 ..

106 329 182 388 simo
205 326 362 404 eidemque
384 330 458 386 tnnc
480 325 626 402 temporis
648 323 813 401 professori
829 341 883 400 per
901 323 1005 384 decem
1022 326 1122 384 lustra
1169 360 1172 365 ·

90 425 272 486 ‘clarissimo
295 425 524 503 congratulator
543 424 752 500 pietatemque
774 425 909 482 nostram
928 425 1122 482 contestarer.

106 525 250 584 collectas
286 521 330 582 ibi
366 526 398 582 et
426 521 598 599 recognitas
635 519 759 580 exhibui
795 519 933 578 sillorum
970 523 1124 597 quotquot

106 621 237 698 reperire
264 619 353 696 potui
379 619 523 696 reliquias
551 649 593 661 --
616 637 715 695 neque
742 616 832 676 hodie
858 617 961 692 plures
984 618 1056 677 novi
1079 649 1122 658 -

106 718 219 796 insigni
232 716 368 796 Augusti
381 715 523 776 Meinekii
541 716 665 776 adiutus
682 713 895 774 benevolentia
913 714 968 791 qui
986 714 1123 791 singulos

108 815 329 893 quaterniones,
351 814 425 873 dum
442 813 560 890 prelum
577 815 725 889 exercent,
747 829 815 871 mea
833 829 927 871 causa
943 812 1075 889 perlegit
1094 815 1124 871 et

55 953 61 961 -
106 914 239 992 insignes
263 911 511 988 aliquammultas
533 927 652 970 meeum
672 909 907 969 communicavit
925 909 1123 969 coniecturas.

173 1009 282 1070 Paullo
300 1011 372 1085 post
389 1024 487 1068 meam
501 1007 633 1084 opellam
645 996 765 1088 (1860)
779 1005 894 1083 prodiit
912 1006 1020 1066 famosi
1039 1006 1124 1066 illius

106 1107 190 1184 libri,
224 1125 285 1184 quo
316 1105 488 1182 fragmenta
514 1104 764 1181 philosophorum
791 1122 969 1182 graecorum
995 1104 1125 1164 collecta

108 1208 140 1264 et
165 1203 315 1263 recensita
341 1220 405 1263 esse
432 1202 615 1262 Mullachins
641 1201 782 1279 iactavit,
814 1201 947 1277 primum
973 1202 1125 1278 volumen,

107 1301 194 1362 euius
217 1321 246 1377 p.
269 1301 399 1361 84-96
423 1299 514 1360 Pauli
541 1298 750 1359 collectionem
774 1298 828 1359 ille
851 1297 976 1359 iteravit
998 1297 1124 1357 adnota-

106 1399 266 1476 tionesque
286 1396 456 1457 incredibili
480 1395 672 1474 neglegentia
699 1413 835 1457 corrasus
859 1395 1000 1472 subiecit,
1023 1395 1125 1454 aliena

107 1496 232 1558 inventa
249 1514 304 1571 pro
323 1495 386 1555 suis
404 1498 442 1555 ut
459 1493 603 1554 assolitus
621 1496 669 1553 est
686 1493 864 1571 venditavit,
881 1493 914 1552 in
932 1493 1124 1553 emendandis

106 1592 245 1654 versibus
262 1593 327 1668 ipse
345 1592 422 1652 nihil
439 1591 577 1668 proiecit,
596 1591 628 1650 in
645 1591 880 1669 interpretandis
895 1591 937 1650 eis
951 1590 1124 1666 ubicunque

107 1691 180 1753 novi
194 1690 268 1767 quid
281 1689 389 1749 attrdit
402 1681 524 1770 (attulit
540 1706 611 1749 vero
625 1680 793 1770 rarissime)
809 1688 937 1748 ridicule
951 1691 998 1747 est
1011 1689 1125 1764 lapsus,

107 1788 173 1863 ipse
196 1791 297 1846 tamen
320 1785 378 1844 sibi
396 1786 481 1846 visus
503 1785 643 1861 primus
662 1778 892 1845 ‘accuratiorem
909 1783 1037 1843 Phliasii
1054 1802 1124 1860 poe·

108 1887 160 1944 tae
182 1876 396 1943 recensionem'
419 1883 591 1958 protulisse.

175 1980 265 2041 Nunc
274 1999 331 2059 ego
342 1981 522 2057 opusculum
537 1978 619 2057 quod
633 1967 931 2056 peradulescentulus
946 1979 1126 2039 incohabam

109 2078 266 2141 emendavi
288 2083 324 2140 ut
345 2078 435 2156 potui
458 2081 489 2138 et
512 2078 583 2138 auxi
604 2082 642 2138 ut
664 2077 762 2137 debui.
808 2077 898 2153 plane
921 2077 1003 2136 enim
1024 2095 1125 2156 neees-

108 2177 223 2238 sarinm
245 2197 307 2237 non
328 2176 404 2236 mihi
427 2177 526 2236 solum
548 2193 641 2253 nune,
669 2175 722 2234 sed
743 2175 805 2234 iam
826 2178 906 2251 turn,
934 2192 1003 2233 cum
1025 2175 1125 2250 prodi-

107 2277 182 2336 isset
204 2276 350 2353 primum,
373 2274 474 2336 visum
496 2276 544 2333 est
565 2274 639 2335 viris
656 2291 703 2332 me
727 2274 818 2351 longe
837 2271 1022 2332 doctioribus
1041 2275 1072 2331 et
1094 2273 1126 2330 in

108 2374 165 2433 hoc
187 2373 381 2450 potissimum
407 2372 582 2432 litterarum
604 2390 712 2449 genere
734 2369 925 2447 peritissimis
947 2369 1028 2429 inter
1051 2386 1126 2446 quos

108 2469 209 2547 ipsum
240 2470 382 2531 iuvenilis
412 2473 540 2531 conatus
567 2468 718 2527 fautorem
744 2466 922 2544 Augustum
943 2466 1127 2526 Meinekium

108 2567 244 2644 nomino,
277 2569 314 2626 ut
343 2565 471 2642 singulis
499 2564 678 2642 fragmentis
710 2564 880 2622 accuratior
910 2563 1126 2624 enarratione

32 2687 34 2690 ·
110 2661 234 2722 deesset.
274 2680 340 2721 earn
362 2661 459 2739 igitur
480 2678 561 2719 nnnc
584 2659 695 2719 addidi.
732 2663 889 2735 praeterea
908 2679 985 2738 quae
1005 2660 1127 2719 interim

109 2756 172 2816 sive
191 2757 223 2814 in
238 2755 465 2834 quaestionibus
481 2773 558 2832 quae
573 2756 612 2817 ad
625 2757 798 2818 litterarum
816 2757 975 2817 historiam
988 2760 1127 2834 spectant

110 2851 174 2912 sive
197 2853 229 2912 in
251 2853 387 2929 ipsorum
409 2853 650 2930 fragmentorum
669 2855 849 2932 corruptelis
874 2854 1065 2932 expediendis
1088 2854 1126 2912 ab

109 2949 178 3009 aliis
206 2951 256 3010 vel
283 2969 303 3010 a
324 2970 372 3012 me
399 2951 571 3029 excogitata
603 2953 676 3011 sunt
704 2951 804 3028 recepi
836 2953 936 3030 quoad
964 2951 1029 3011 eius
1062 2949 1128 3010 fieri

108 3046 224 3123 potuit;
251 3065 322 3107 nam
350 3067 506 3125 nunquam
534 3048 719 3109 credideram
740 3048 805 3110 fore
827 3053 865 3110 ut
886 3050 966 3109 hunc
989 3047 1128 3107 libellum

96 3147 320 3236 'retractarem
350 3145 454 3223 itaque
482 3146 559 3204 nihil
581 3146 643 3206 fere
666 3163 771 3205 eorum
795 3165 872 3224 quae
896 3146 964 3205 aliis
986 3146 1127 3221 placuere

109 3261 165 3317 per
189 3242 322 3320 quinque
346 3260 424 3321 quae
446 3243 637 3303 intercedunt
658 3244 757 3303 lustra
779 3244 1002 3304 adnotaveram.

176 3338 469 3400 Fundamentum
492 3339 589 3400 totius
612 3340 650 3399 de
664 3340 797 3400 Timonis
816 3341 893 3400 sillis
912 3340 1127 3417 disputationis

110 3433 313 3496 certissimum
329 3437 474 3496 iaciamus
488 3436 611 3497 brevem
623 3437 804 3514 hypothesin
823 3455 915 3514 quam
929 3436 1126 3513 Apollonides

109 3529 262 3590 Nicaenus
286 3533 493 3609 suppeditavit
515 3532 637 3593 Laertio
655 3533 743 3612 Diog.
762 3533 806 3591 IX
827 3536 904 3593 111:
926 3536 987 3594 τῶν
1010 3529 1043 3593 δὲ
1066 3533 1125 3593 oll-
