2466 3832
525 187 568 198 --
615 151 657 216 98
703 187 745 196 —
1016 172 1151 216 arnonus
1177 123 1180 127 -

126 315 234 391 ἄλλους
269 311 363 389 οὕτως
396 310 578 395 ἐκπλήξαντα
614 307 672 397 (sie
705 314 801 376 scribe
832 332 887 390 pro
920 305 1147 396 ἐκπλήξαντος),

129 411 201 477 ὥστε
223 413 273 475 καὶ
294 408 346 476 τὸν
369 407 567 494 σιλλογράφον
591 405 897 494 ‘eipporepdylmooov'
921 403 1013 471 αὐτὸν
1030 429 1151 490 προσει-

127 517 196 574 πεῖν
218 510 268 573 καὶ
289 505 345 590 τὴν
368 505 498 590 δύναμιν
519 506 688 590 ἆγασθέντα
711 512 764 572 τοῦ
787 502 898 585 ἀνδρὸς
914 500 1002 588 ’μέγα
1025 502 1148 581 σθένος’

129 604 225 687 φάναι
246 607 296 671 καὶ
320 602 388 670 ‘oria
409 602 584 669 ἀλαπαδνὸν
605 600 770 686 Ζήνωνοςῆ
802 606 902 666 Idem
923 606 995 665 ibid.
1013 626 1043 682 p.
1064 607 1107 667 88
1132 599 1151 667 ὅ

129 702 325 790 σιλλογραφος
349 698 652 785 ’ἆμφοτερόγλαοσοή
676 697 767 765 αὐτὸν
786 695 967 786 (Zenonem)
988 707 1151 782 προσεῖπεν

129 798 169 878 ὦς
192 797 355 886 ἐλεγκτικὸν
377 796 439 881 ἅμα
461 800 512 862 καὶ
534 795 768 883 ὖφηγηματικόν.
815 801 964 862 Scholia
985 799 1149 860 Iambliohi

125 902 180 964 vit.
199 903 328 981 Pythag.
353 897 373 977 ξ
394 903 457 961 267
481 922 509 978 p.
532 904 604 979 198,
623 903 642 960 2
666 899 711 960 ed.
729 899 847 959 Nauck.
870 892 980 977 Ζήνων
1004 888 1020 959 ὁ
1044 890 1145 976 ἄμφο-

127 994 333 1080 τερόγλιοσσος.
845 1018 848 1025 ’

199 1150 224 1187 v.
241 1138 255 1185 1
275 1126 557 1201 ἆμφοτερορλῶσοοιο
576 1127 648 1200 μέγα
668 1130 765 1200 Simpl
783 1136 845 1201 236,
864 1123 1148 1200 eipporrpoplm'rroto

129 1217 202 1291 μέγα
219 1220 312 1275 David
333 1222 338 1290 Ι
359 1215 632 1291 ἆμφοτερηρλῶοσοο
653 1219 694 1273 ΡΙ
709 1221 713 1289 Ι
728 1219 772 1292 τε]
797 1214 829 1273 τὸ
848 1219 884 1272 Η
894 1220 899 1286 Ι
914 1213 987 1272 ueris
1004 1215 1078 1272 Plus.
1100 1216 1125 1272 0
1141 1216 1147 1288 Ι

129 1327 215 1380 supra
232 1304 401 1364 ἀλαπαδνὸν
418 1309 449 1364 in
462 1308 543 1378 Diog.
558 1309 585 1362 B
599 1325 654 1364 ree.
673 1326 710 1364 m.
728 1323 827 1378 sprser.
842 1302 964 1369 ἀσθενές
980 1308 985 1376 Ι
1000 1300 1149 1374 ἀπατηλὸν

127 1397 202 1454 Plut.
224 1399 301 1470 vulg.
324 1401 334 1471 Ι
357 1416 383 1454 v.
398 1405 414 1455 2
433 1393 732 1468 πλατωνιπιλήπτορος
750 1397 845 1466 (supra
864 1415 882 1450 α
901 1411 1002 1465 eprser.
1020 1398 1048 1465 ν)
1066 1394 1149 1464 Diog.

131 1487 179 1556 1³¹,
203 1483 317 1543 πλάταν
341 1483 525 1558 ἐπιλήπτορος
542 1486 624 1556 Diog.
644 1484 825 1556 FGHP‘Q,
849 1478 1150 1552 πλάτανεπιλήπτορος

128 1575 211 1646 Diog.
226 1575 254 1631 B
270 1577 312 1646 (in
330 1593 386 1646 quo
404 1593 475 1646 mrg.
494 1577 608 1631 πλαταν
623 1569 807 1644 ἐπιλήπτορος
824 1573 951 1629 τουτέστι
968 1571 1020 1627 τοῦ
1038 1590 1148 1642 μεμφο·

130 1663 219 1735 μένον
234 1660 379 1735 πλάτωνα)
394 1665 423 1719 et
435 1663 461 1731 f?
480 1663 610 1719 πελατῶν
624 1659 810 1733 ἐπιλήπτορος
823 1663 933 1732 Roeper
952 1659 1020 1715 dier.
1038 1658 1149 1730 antiqu.

127 1752 154 1807 X
176 1771 204 1822 p.
223 1757 277 1808 450
301 1753 364 1808 coll.
388 1751 481 1807 noers
500 1749 540 1805 IX
562 1757 596 1807 27
617 1753 622 1822 Ι
642 1753 784 1807 Μελίοοοα
812 1750 891 1806 libri=
920 1764 990 1804 corr.
1017 1748 1149 1806 Meineke

129 1856 219 1895 exere.
233 1841 264 1895 in
277 1840 402 1895 Atheni
416 1857 444 1910 p.
455 1843 471 1893 ‘1
484 1842 530 1908 Ι-
540 1840 613 1895 anal.
628 1858 655 1910 p.
671 1842 716 1909 2⁷)
730 1841 740 1910 Ι
753 1845 804 1895 v.3
818 1833 894 1909 ήσοα
908 1836 991 1908 Diog.
1005 1837 1148 1910 BHP03

128 1929 194 1982 εἴσω
213 1927 295 1997 Diog.
314 1926 346 1981 F
362 1927 415 1982 eet.
433 1927 443 1997 Ι
460 1933 518 1982 v.4
541 1924 711 1997 γιγνόμενον
734 1927 798 1982 add.
822 1926 951 1982 Meineke
976 1928 1075 1997 philol.
1094 1926 1149 1982 XV

127 2033 155 2088 p.
167 2022 220 2072 330
234 2018 264 2072 et
277 2016 349 2072 anal.
364 2016 401 2070 ad
414 2015 480 2070 Ath.
491 2034 519 2086 p.
529 2021 572 2084 27,
587 2018 676 2072 reete:
690 2034 756 2072 nam
770 2032 920 2086 perperam
933 2015 1024 2071 voluit
1036 2017 1149 2086 Roeper

126 2106 146 2162 l.
166 2124 188 2165 s.
209 2100 304 2161 ἐπάνω
324 2103 459 2161 adieelivi
476 2107 608 2161 naturam
625 2105 740 2161 induere

196 2274 292 2316 comm.
325 2255 491 2334 Epitheton
528 2249 807 2336 ἇμφοτερόγλασσος
838 2258 998 2332 tantopere
1029 2256 1150 2334 placuit

127 2354 315 2431 philosophis
342 2358 379 2416 ut
405 2372 502 2432 usque
531 2353 569 2414 ad
593 2354 763 2415 recentiora
784 2356 922 2431 tempora
943 2354 1092 2415 traditum
1116 2360 1149 2419 et

126 2452 233 2513 multis
257 2451 387 2529 artibus,
413 2471 450 2512 ex
471 2455 558 2528 parte
581 2451 752 2512 falsissimis
776 2450 959 2528 explicatum
983 2450 1031 2528 sit,
1055 2452 1148 2513 utin

127 2565 221 2626 supra
243 2548 346 2608 allatis
369 2549 552 2609 testimoniis
575 2548 678 2610 videre
700 2552 754 2608 est.
796 2547 982 2625 amphibolia
1003 2548 1052 2608 hio
1072 2568 1147 2627 quo·

129 2662 188 2722 que
211 2646 297 2724 latet,
320 2645 406 2706 euius
429 2665 522 2705 unam
543 2649 662 2723 partem
679 2646 865 2707 Plutarchus
888 2647 909 2706 l.
928 2663 949 2706 s.
969 2664 991 2707 s.
1012 2647 1148 2727 agnovit,

127 2741 256 2800 alteram
286 2760 374 2801 nemo
401 2741 488 2803 vidit.
534 2743 613 2803 Zeno
642 2743 722 2804 enim
744 2743 867 2805 Eleates
894 2763 955 2804 non
981 2747 1045 2804 tam
1066 2762 1148 2806 nova

126 2837 242 2914 plaoita
273 2837 459 2915 excogitavit
491 2857 583 2916 quam
610 2857 646 2899 ea
674 2858 752 2917 quae
779 2840 974 2902 Parmenides
999 2839 1148 2918 magister

128 2939 160 2996 et
178 2935 294 2996 amiens
308 2936 466 2998 invenerat
480 2936 655 3014 explanavit
668 2939 700 2998 et
713 2940 819 2999 contra
833 2940 975 3019 vulgares
990 2937 1146 3016 opiniones

127 3036 159 3093 et
182 3032 424 3095 adversariorum
443 3035 608 3097 sententias
626 3036 672 3096 ita
690 3033 825 3099 defendit
841 3040 879 3099 ut
896 3037 967 3099 illas
985 3038 1074 3115 plane
1094 3035 1147 3095 ab·

127 3129 236 3192 surdas
270 3149 334 3192 esse
365 3130 586 3196 demonstraret
613 3133 725 3212 quippe
753 3133 785 3193 in
813 3136 924 3214 quibus
950 3137 1040 3213 plane
1067 3133 1148 3194 inter

128 3246 159 3290 se
177 3229 381 3309 repugnantia
399 3231 527 3292 ridicule
546 3231 718 3292 oonsooiata
733 3235 845 3293 essent:
870 3232 906 3291 of.
925 3231 1004 3291 Plat.
1018 3229 1146 3291 Phaedr.

126 3344 155 3401 p.
177 3321 264 3388 261⁰
286 3322 340 3389 riv
355 3318 522 3390 Ἐλεατικὸν
539 3323 729 3408 Παλαμήδην
746 3327 868 3410 λέγοντα
886 3322 942 3390 οὖν
959 3328 1042 3407 ἴσμεν
1059 3324 1147 3408 τέχνῃ

128 3414 201 3482 ὥστε
230 3425 390 3501 φαίνεσθαι
418 3430 479 3499 τοῖς
501 3419 645 3488 ἀκούουσι
668 3420 703 3487 τὰ
726 3418 801 3487 αὐτὰ
824 3418 913 3504 ὅμοια
935 3423 985 3486 καλ
1008 3416 1147 3502 ἀνόμοια,

125 3515 178 3580 καλ
196 3517 233 3580 ἲν
256 3519 306 3581 καὶ
328 3516 431 3600 πολλά,
455 3516 583 3600 μένοντά
601 3543 631 3585 τε
649 3512 689 3584 αὖ
707 3519 757 3584 καὶ
776 3515 935 3601 φερόμενα.
964 3541 1024 3602 quo
1042 3523 1147 3601 patro·
