2466 3832
477 147 721 212 —146-

545 328 674 389 XXXVI

360 444 469 533 τιάντη
492 443 557 532 γὰρ
581 447 688 532 ἐπεῖχε
711 444 850 532 γαλήνη.

172 633 258 676 mrsu
302 615 432 675 Sextus
460 613 591 690 Empir.
616 612 682 672 adv.
707 608 805 691 dogm.
828 612 857 670 V
882 615 943 672 141
970 604 1128 694 εὐδαίμων

105 709 159 792 μέν
186 711 264 774 ἐστιν
287 706 302 774 ὁ
325 702 477 791 ἀταράχως
500 703 644 790 διεξάγων
666 707 716 770 καί
740 702 779 783 ἀς
802 702 938 791 ἔλεγενδ
965 710 1071 790 Τίμων
1096 711 1130 774 ἔν

105 804 213 895 ήσνγίρι
234 807 284 870 καί
306 802 481 889 γαληνάτητι
502 801 666 879 ιιαθεστάς·
691 801 808 886 «τιάντη
827 839 869 849 -
889 801 1040 888 γαλήνη».

173 991 268 1034 comr.
305 968 462 1028 Pertinent
488 969 562 1027 haec
589 967 682 1029 verba
710 967 748 1026 ad
770 967 970 1046 Pyrrhonem,
998 969 1128 1029 unicum

105 1069 271 1148 scaptioum
293 1067 444 1127 illustrem
468 1084 558 1143 quem
580 1065 612 1123 in
636 1061 712 1124 sillis
735 1066 983 1126 commemoravit
1006 1067 1126 1127 Timon.

106 1171 213 1228 notum
227 1167 330 1225 autem
344 1166 390 1224 est
404 1162 543 1240 sceptiois
558 1181 710 1222 summum
722 1161 836 1223 bonum
850 1163 943 1224 fuisse
955 1157 1130 1242 ἀταραξίαν,

105 1265 146 1326 ad
166 1282 258 1343 quam
275 1261 502 1322 describendam
520 1261 564 1320 eis
582 1252 712 1340 γαλήνης
730 1260 831 1340 imago
850 1259 882 1320 in
899 1264 1047 1339 promptu
1064 1261 1129 1321 luit

107 1356 158 1446 (cf.
188 1362 268 1422 Sext.
296 1360 403 1438 Pyrrh.
430 1358 534 1436 hypat.
562 1360 578 1418 I
607 1359 649 1417 10
685 1350 825 1435 ἀταραξία
861 1354 895 1418 δέ
931 1355 989 1418 ἐστι
1023 1362 1129 1437 ψυχῆς

108 1454 250 1538 ἀοχλησία
268 1455 318 1517 ιιαί
336 1448 514 1538 γαληνάτης)
536 1456 652 1534 pariter
671 1458 763 1533 atque
786 1456 888 1516 fuerat
909 1455 1000 1516 huius
1018 1455 1130 1532 placiti

107 1558 304 1636 antesignano
332 1555 505 1615 Democrito
534 1545 704 1636 (of.Laert.
727 1553 815 1636 Diog.
839 1553 946 1614 [1145
980 1548 1062 1626 τέλος
1094 1549 1129 1614 δὲ

109 1649 185 1717 εἶναι
214 1653 393 1730 [seeundum
419 1649 640 1727 Democritum]
668 1645 722 1728 τήν
749 1643 898 1728 εὐθυμίαν
918 1642 1058 1710 ...καθ’
1088 1642 1131 1728 ἣν

110 1755 246 1833 γαληνῶς
272 1747 322 1810 καὶ
344 1743 496 1821 εὐσταθῶς
517 1742 538 1826 ή
561 1742 644 1827 ψυχή
668 1740 786 1830 διάγει).
828 1747 1008 1809 statuendus
1030 1747 1130 1826 igitur

110 1853 156 1910 est
181 1849 290 1906 Timon
316 1864 463 1923 narrasse,
490 1847 523 1904 in
550 1845 648 1906 modio
675 1845 864 1922 litigantium
886 1845 1025 1906 tumultu
1048 1846 1131 1906 circa

108 1947 295 2026 Pyrrhonem
317 1943 574 2022 tranquillitatem
597 1942 773 2003 obtinuisse.

548 2209 692 2270 XXXVlI

156 2329 218 2398 τὸν
241 2325 275 2395 δ’
302 2324 346 2407 ὧς
368 2319 433 2397 οὖν
455 2326 565 2414 ἔνόησ’
592 2329 629 2395 ἐν
652 2331 830 2415 νηνεμίησι
852 2323 999 2414 γαλήνης
1064 2393 1067 2397 .

396 2514 516 2556 HOMERI
538 2511 704 2557 DETORTVS
727 2510 843 2554 VERSVS

183 2620 208 2666 Δ
226 2616 279 2666 oto
298 2612 334 2666 ul.
353 2607 404 2665 τὸν
422 2606 451 2664 δ’
472 2606 510 2672 ὥς
528 2601 580 2664 οάν
601 2605 697 2679 ἀνόητ’
718 2609 829 2678 (eadem
848 2625 944 2664 versus
964 2609 1041 2677 aede)

178 2794 264 2837 rnsr.
296 2777 427 2836 Sextus
445 2775 577 2853 Empir.
602 2777 668 2837 adv.
688 2774 820 2854 dogmat.
839 2776 868 2833 V
889 2779 949 2836 141
978 2769 1131 2854 εὐδαίμων

110 2870 166 2953 μίν
188 2871 265 2934 ἔστιν
288 2866 304 2936 δ
328 2866 480 2953 ἀταράχως
503 2865 647 2953 διεξάγων
669 2869 720 2932 καί
743 2865 782 2946 ἀς
805 2871 902 2955 ἔλεγεν
928 2866 944 2934 ὅ
971 2872 1071 2951 Τίμων
1094 2871 1129 2934 ἐν

112 2966 219 3055 ήσνχίγ
241 2968 291 3032 καί
314 2963 488 3052 γαληνάτητι
512 2963 677 3042 καθεστώς·
706 2964 823 3048 «πάντη
848 3002 890 3013 -
914 2964 1051 3052 γαλήνη»
1076 2963 1129 3050 (fr.

110 3062 253 3152 XXXVI)
275 3066 326 3129 καί
350 3061 423 3130 «τὸν
445 3062 474 3129 ’δ’
499 3100 537 3110 -
558 3061 721 3149 γαλήνης».

179 3249 274 3292 oomr.
298 3228 384 3290 Dixit
406 3231 480 3289 haec
503 3228 596 3290 verba
617 3231 723 3307 procul
746 3229 838 3290 dubio
858 3229 980 3307 Timon,
1004 3246 1073 3288 cum
1096 3229 1129 3288 in

112 3329 189 3392 Orco
221 3330 407 3408 Pyrrhonem
444 3327 599 3406 conspexit
634 3320 679 3408 (v.
706 3345 811 3387 comm.
839 3328 878 3388 ad
906 3327 942 3387 fr.
967 3318 1130 3408 xmp

111 3428 215 3504 itaque
230 3419 330 3504 ἐνόησ’
348 3446 386 3486 ne
401 3427 544 3504 suppleas
563 3442 632 3484 cum
647 3423 883 3483 Zimmermanno
902 3444 989 3502 prog.
1004 3423 1130 3500 Erlang.

112 3545 140 3600 p.
162 3526 180 3583 6
204 3517 322 3602 ἐνόησε,
346 3525 399 3583 sed
422 3517 531 3602 ἐνόησα
554 3513 606 3603 (cf.
626 3539 717 3598 supra
735 3542 764 3598 p.
784 3511 850 3600 46).
