<?xml version="1.0" encoding="UTF-8"?>
<!DOCTYPE html PUBLIC "-//W3C//DTD XHTML 1.0 Transitional//EN"
    "http://www.w3.org/TR/xhtml1/DTD/xhtml1-transitional.dtd">
<html xmlns="http://www.w3.org/1999/xhtml" xml:lang="en" lang="en">
 <head>
  <title>
</title>
<meta http-equiv="Content-Type" content="text/html;charset=utf-8" />
  <meta name='ocr-system' content='tesseract 3.04.00' />
  <meta name='ocr-capabilities' content='ocr_page ocr_carea ocr_par ocr_line ocrx_word'/>
</head>
<body>
  <div class='ocr_page' id='page_1' title='image "./sillographorvmg00timogoog_0065.png"; bbox 0 0 2466 3832; ppageno 0'>
   <div class='ocr_carea' id='block_1_1' title="bbox 532 115 752 178">
    <p class='ocr_par' dir='ltr' id='par_1_1' title="bbox 532 115 752 178">
     <span class='ocr_line' id='line_1_1' title="bbox 532 115 752 178; baseline -0.014 -16"><span class='ocrx_word' id='word_1_1' title='bbox 532 115 752 178; x_wconf 77' lang='grc'>..60-</span> 
     </span>
    </p>
   </div>
   <div class='ocr_carea' id='block_1_2' title="bbox 138 269 1157 946">
    <p class='ocr_par' dir='ltr' id='par_1_2' title="bbox 138 269 1157 648">
     <span class='ocr_line' id='line_1_2' title="bbox 139 269 1157 360; baseline -0.002 -18"><span class='ocrx_word' id='word_1_2' title='bbox 139 279 277 342; x_wconf 83' lang='lat' dir='ltr'><strong>versibus</strong></span> <span class='ocrx_word' id='word_1_3' title='bbox 300 278 528 357; x_wconf 88' lang='lat' dir='ltr'><strong>insequentibus</strong></span> <span class='ocrx_word' id='word_1_4' title='bbox 553 270 619 359; x_wconf 81' lang='lat'><strong>(21.</strong></span> <span class='ocrx_word' id='word_1_5' title='bbox 640 269 699 358; x_wconf 76' lang='lat'><strong>22)</strong></span> <span class='ocrx_word' id='word_1_6' title='bbox 723 273 799 338; x_wconf 81' lang='grc' dir='ltr'><strong><em>οάτι</em></strong></span> <span class='ocrx_word' id='word_1_7' title='bbox 823 272 916 357; x_wconf 84' lang='grc' dir='ltr'><strong><em>μάχας</em></strong></span> <span class='ocrx_word' id='word_1_8' title='bbox 940 277 1032 339; x_wconf 81' lang='grc' dir='ltr'><strong><em>διέπει</em></strong></span> <span class='ocrx_word' id='word_1_9' title='bbox 1054 276 1157 360; x_wconf 78' lang='grc' dir='ltr'><strong><em>Τιτη-</em></strong></span> 
     </span>
     <span class='ocr_line' id='line_1_3' title="bbox 138 367 1157 454; baseline 0.004 -18"><span class='ocrx_word' id='word_1_10' title='bbox 138 398 210 437; x_wconf 87' lang='grc' dir='ltr'><strong>νων</strong></span> <span class='ocrx_word' id='word_1_11' title='bbox 242 369 313 436; x_wconf 79' lang='grc' dir='ltr'><strong><em>οὖδέ</em></strong></span> <span class='ocrx_word' id='word_1_12' title='bbox 332 367 539 454; x_wconf 80' lang='grc' dir='ltr'><strong><em>Γιγάντων,</em></strong></span> <span class='ocrx_word' id='word_1_13' title='bbox 571 369 643 435; x_wconf 76' lang='grc' dir='ltr'><strong><em>οὐδὲ</em></strong></span> <span class='ocrx_word' id='word_1_14' title='bbox 674 369 709 434; x_wconf 88' lang='grc' dir='ltr'><strong>τά</strong></span> <span class='ocrx_word' id='word_1_15' title='bbox 739 369 932 452; x_wconf 68' lang='grc' dir='ltr'><strong><em>Κενταύρους</em></strong></span> <span class='ocrx_word' id='word_1_16' title='bbox 964 379 1157 453; x_wconf 79' lang='lat' dir='ltr'>reprehendit</span> 
     </span>
     <span class='ocr_line' id='line_1_4' title="bbox 139 472 1156 551; baseline 0.002 -19"><span class='ocrx_word' id='word_1_17' title='bbox 139 475 235 551; x_wconf 82' lang='lat' dir='ltr'><strong>igitur</strong></span> <span class='ocrx_word' id='word_1_18' title='bbox 258 473 327 532; x_wconf 87' lang='lat' dir='ltr'><strong>illos</strong></span> <span class='ocrx_word' id='word_1_19' title='bbox 351 474 405 550; x_wconf 89' lang='lat' dir='ltr'><strong>qui</strong></span> <span class='ocrx_word' id='word_1_20' title='bbox 427 477 550 532; x_wconf 84' lang='lat' dir='ltr'><strong>narrent</strong></span> <span class='ocrx_word' id='word_1_21' title='bbox 573 473 609 532; x_wconf 90' lang='lat' dir='ltr'><strong>de</strong></span> <span class='ocrx_word' id='word_1_22' title='bbox 634 473 679 532; x_wconf 90' lang='lat' dir='ltr'><strong>dis</strong></span> <span class='ocrx_word' id='word_1_23' title='bbox 702 472 823 533; x_wconf 84' lang='lat' dir='ltr'><strong>fabulas</strong></span> <span class='ocrx_word' id='word_1_24' title='bbox 847 472 948 534; x_wconf 87' lang='lat' dir='ltr'><strong>divino</strong></span> <span class='ocrx_word' id='word_1_25' title='bbox 970 476 1093 535; x_wconf 86' lang='lat' dir='ltr'><strong>numine</strong></span> <span class='ocrx_word' id='word_1_26' title='bbox 1111 477 1156 534; x_wconf 93' lang='lat' dir='ltr'><strong>in·</strong></span> 
     </span>
     <span class='ocr_line' id='line_1_5' title="bbox 139 570 813 648; baseline -0.001 -18"><span class='ocrx_word' id='word_1_27' title='bbox 139 571 254 648; x_wconf 83' lang='lat' dir='ltr'><strong>dignas,</strong></span> <span class='ocrx_word' id='word_1_28' title='bbox 279 571 384 647; x_wconf 89' lang='lat' dir='ltr'><strong>quales</strong></span> <span class='ocrx_word' id='word_1_29' title='bbox 408 574 480 629; x_wconf 90' lang='lat' dir='ltr'><strong>sunt</strong></span> <span class='ocrx_word' id='word_1_30' title='bbox 502 570 583 646; x_wconf 85' lang='lat' dir='ltr'><strong>apud</strong></span> <span class='ocrx_word' id='word_1_31' title='bbox 606 570 676 628; x_wconf 90' lang='lat' dir='ltr'><strong>illos</strong></span> <span class='ocrx_word' id='word_1_32' title='bbox 698 574 813 646; x_wconf 82' lang='lat' dir='ltr'><strong>poetes.</strong></span> 
     </span>
    </p>

    <p class='ocr_par' dir='ltr' id='par_1_3' title="bbox 138 666 1157 946">
     <span class='ocr_line' id='line_1_6' title="bbox 229 666 1156 745; baseline 0.004 -19"><span class='ocrx_word' id='word_1_33' title='bbox 229 666 317 736; x_wconf 79' lang='lat' dir='ltr'><strong>Quod</strong></span> <span class='ocrx_word' id='word_1_34' title='bbox 349 686 420 727; x_wconf 86' lang='lat' dir='ltr'><strong>vero</strong></span> <span class='ocrx_word' id='word_1_35' title='bbox 448 667 640 726; x_wconf 77' lang='lat' dir='ltr'><strong>crediderrmt</strong></span> <span class='ocrx_word' id='word_1_36' title='bbox 667 666 705 725; x_wconf 81' lang='lat' dir='ltr'><strong>ah</strong></span> <span class='ocrx_word' id='word_1_37' title='bbox 731 667 898 745; x_wconf 82' lang='lat' dir='ltr'><strong>Appuleio,</strong></span> <span class='ocrx_word' id='word_1_38' title='bbox 926 671 1022 740; x_wconf 70' lang='lat' dir='ltr'><strong>florid.</strong></span> <span class='ocrx_word' id='word_1_39' title='bbox 1045 669 1089 726; x_wconf 90' lang='lat' dir='ltr'><strong>IV</strong></span> <span class='ocrx_word' id='word_1_40' title='bbox 1114 672 1156 730; x_wconf 81' lang='lat'><strong>20</strong></span> 
     </span>
     <span class='ocr_line' id='line_1_7' title="bbox 139 756 1157 841; baseline 0.001 -16"><span class='ocrx_word' id='word_1_41' title='bbox 139 765 224 825; x_wconf 84' lang='lat' dir='ltr'><strong>sillos</strong></span> <span class='ocrx_word' id='word_1_42' title='bbox 238 756 568 841; x_wconf 84' lang='lat' dir='ltr'><strong>Xenophanis‘satiras’</strong></span> <span class='ocrx_word' id='word_1_43' title='bbox 586 764 654 840; x_wconf 83' lang='lat' dir='ltr'><strong>dici,</strong></span> <span class='ocrx_word' id='word_1_44' title='bbox 672 763 704 821; x_wconf 93' lang='lat' dir='ltr'><strong>id</strong></span> <span class='ocrx_word' id='word_1_45' title='bbox 722 782 801 822; x_wconf 91' lang='lat' dir='ltr'><strong>nunc</strong></span> <span class='ocrx_word' id='word_1_46' title='bbox 819 766 932 825; x_wconf 88' lang='lat' dir='ltr'><strong>rectius</strong></span> <span class='ocrx_word' id='word_1_47' title='bbox 952 767 990 825; x_wconf 84' lang='lat' dir='ltr'><strong>ad</strong></span> <span class='ocrx_word' id='word_1_48' title='bbox 1004 756 1157 826; x_wconf 83' lang='lat' dir='ltr'><strong>Oretetem</strong></span> 
     </span>
     <span class='ocr_line' id='line_1_8' title="bbox 138 854 1156 946; baseline 0.001 -25"><span class='ocrx_word' id='word_1_49' title='bbox 138 864 270 922; x_wconf 87' lang='lat' dir='ltr'><strong>relatum</strong></span> <span class='ocrx_word' id='word_1_50' title='bbox 293 866 339 921; x_wconf 87' lang='lat' dir='ltr'><strong>est</strong></span> <span class='ocrx_word' id='word_1_51' title='bbox 362 854 404 942; x_wconf 82' lang='lat' dir='ltr'><strong>(v.</strong></span> <span class='ocrx_word' id='word_1_52' title='bbox 423 857 526 944; x_wconf 81' lang='lat' dir='ltr'><strong>infra).</strong></span> <span class='ocrx_word' id='word_1_53' title='bbox 562 879 598 920; x_wconf 87' lang='lat' dir='ltr'><strong>ea</strong></span> <span class='ocrx_word' id='word_1_54' title='bbox 620 861 749 937; x_wconf 92' lang='lat' dir='ltr'><strong>denique</strong></span> <span class='ocrx_word' id='word_1_55' title='bbox 768 880 846 937; x_wconf 86' lang='lat' dir='ltr'><strong>quae</strong></span> <span class='ocrx_word' id='word_1_56' title='bbox 863 864 980 946; x_wconf 75' lang='lat' dir='ltr'><strong>profert</strong></span> <span class='ocrx_word' id='word_1_57' title='bbox 997 864 1156 940; x_wconf 87' lang='lat' dir='ltr'><strong>Menagius</strong></span> 
     </span>
    </p>
   </div>
   <div class='ocr_carea' id='block_1_3' title="bbox 134 958 1156 3562">
    <p class='ocr_par' dir='ltr' id='par_1_4' title="bbox 139 958 1156 1519">
     <span class='ocr_line' id='line_1_9' title="bbox 140 958 1156 1036; baseline 0 -18"><span class='ocrx_word' id='word_1_58' title='bbox 140 960 178 1018; x_wconf 89' lang='lat' dir='ltr'><strong>ad</strong></span> <span class='ocrx_word' id='word_1_59' title='bbox 200 960 301 1018; x_wconf 86' lang='lat' dir='ltr'><strong>Laert.</strong></span> <span class='ocrx_word' id='word_1_60' title='bbox 324 958 413 1036; x_wconf 81' lang='lat' dir='ltr'><strong>Diog.</strong></span> <span class='ocrx_word' id='word_1_61' title='bbox 436 960 480 1018; x_wconf 90' lang='lat' dir='ltr'><strong>IX</strong></span> <span class='ocrx_word' id='word_1_62' title='bbox 505 962 565 1018; x_wconf 94' lang='grc'><strong>111</strong></span> <span class='ocrx_word' id='word_1_63' title='bbox 592 959 707 1035; x_wconf 82' lang='lat' dir='ltr'><strong>„saneti</strong></span> <span class='ocrx_word' id='word_1_64' title='bbox 729 962 831 1035; x_wconf 88' lang='lat' dir='ltr'><strong>patres</strong></span> <span class='ocrx_word' id='word_1_65' title='bbox 855 960 939 1020; x_wconf 89' lang='lat' dir='ltr'><strong>sillos</strong></span> <span class='ocrx_word' id='word_1_66' title='bbox 962 959 1156 1036; x_wconf 88' lang='lat' dir='ltr'><strong>Xenophanis</strong></span> 
     </span>
     <span class='ocr_line' id='line_1_10' title="bbox 140 1051 1155 1132; baseline 0.001 -17"><span class='ocrx_word' id='word_1_67' title='bbox 140 1056 270 1115; x_wconf 81' lang='lat' dir='ltr'><strong>Sillenos</strong></span> <span class='ocrx_word' id='word_1_68' title='bbox 297 1051 433 1132; x_wconf 85' lang='lat' dir='ltr'><strong>vocant“,</strong></span> <span class='ocrx_word' id='word_1_69' title='bbox 466 1075 534 1116; x_wconf 85' lang='lat' dir='ltr'><strong>vere</strong></span> <span class='ocrx_word' id='word_1_70' title='bbox 563 1074 602 1114; x_wconf 83' lang='lat' dir='ltr'><strong>an</strong></span> <span class='ocrx_word' id='word_1_71' title='bbox 629 1056 707 1114; x_wconf 82' lang='lat' dir='ltr'><strong>falso</strong></span> <span class='ocrx_word' id='word_1_72' title='bbox 736 1056 798 1114; x_wconf 88' lang='lat' dir='ltr'><strong>sint</strong></span> <span class='ocrx_word' id='word_1_73' title='bbox 825 1057 907 1117; x_wconf 82' lang='lat' dir='ltr'><strong>dictu</strong></span> <span class='ocrx_word' id='word_1_74' title='bbox 929 1058 1042 1132; x_wconf 83' lang='lat' dir='ltr'><strong>nesci03</strong></span> <span class='ocrx_word' id='word_1_75' title='bbox 1075 1061 1155 1116; x_wconf 87' lang='lat' dir='ltr'><strong>certe</strong></span> 
     </span>
     <span class='ocr_line' id='line_1_11' title="bbox 140 1152 1156 1229; baseline 0.001 -18"><span class='ocrx_word' id='word_1_76' title='bbox 140 1153 278 1228; x_wconf 85' lang='lat' dir='ltr'><strong>quamvis</strong></span> <span class='ocrx_word' id='word_1_77' title='bbox 302 1152 463 1229; x_wconf 79' lang='lat' dir='ltr'><strong>diligenter</strong></span> <span class='ocrx_word' id='word_1_78' title='bbox 482 1152 683 1229; x_wconf 80' lang='lat' dir='ltr'><strong>quaesiverim</strong></span> <span class='ocrx_word' id='word_1_79' title='bbox 701 1152 821 1210; x_wconf 91' lang='lat' dir='ltr'><strong>nullum</strong></span> <span class='ocrx_word' id='word_1_80' title='bbox 839 1153 930 1212; x_wconf 89' lang='lat' dir='ltr'><strong>huius</strong></span> <span class='ocrx_word' id='word_1_81' title='bbox 948 1153 993 1211; x_wconf 88' lang='lat' dir='ltr'><strong>rei</strong></span> <span class='ocrx_word' id='word_1_82' title='bbox 1011 1153 1156 1224; x_wconf 86' lang='lat' dir='ltr'><strong>indicium</strong></span> 
     </span>
     <span class='ocr_line' id='line_1_12' title="bbox 139 1248 983 1325; baseline 0.004 -19"><span class='ocrx_word' id='word_1_83' title='bbox 139 1248 268 1325; x_wconf 85' lang='lat' dir='ltr'><strong>repperi.</strong></span> <span class='ocrx_word' id='word_1_84' title='bbox 981 1304 983 1309; x_wconf 92' lang='lat'><strong>.</strong></span> 
     </span>
     <span class='ocr_line' id='line_1_13' title="bbox 206 1344 1156 1424; baseline 0.005 -21"><span class='ocrx_word' id='word_1_85' title='bbox 206 1344 363 1405; x_wconf 85' lang='lat' dir='ltr'><strong>Accedunt</strong></span> <span class='ocrx_word' id='word_1_86' title='bbox 390 1348 493 1404; x_wconf 81' lang='lat' dir='ltr'><strong>eutem</strong></span> <span class='ocrx_word' id='word_1_87' title='bbox 519 1347 618 1405; x_wconf 84' lang='lat' dir='ltr'><strong>multa</strong></span> <span class='ocrx_word' id='word_1_88' title='bbox 645 1346 707 1404; x_wconf 88' lang='lat' dir='ltr'><strong>alia</strong></span> <span class='ocrx_word' id='word_1_89' title='bbox 736 1345 846 1422; x_wconf 91' lang='lat' dir='ltr'><strong>quihus</strong></span> <span class='ocrx_word' id='word_1_90' title='bbox 874 1347 1064 1424; x_wconf 84' lang='lat' dir='ltr'><strong>Xenophenis</strong></span> <span class='ocrx_word' id='word_1_91' title='bbox 1092 1349 1156 1408; x_wconf 89' lang='lat' dir='ltr'><strong>silli</strong></span> 
     </span>
     <span class='ocr_line' id='line_1_14' title="bbox 141 1443 799 1519; baseline -0.002 -17"><span class='ocrx_word' id='word_1_92' title='bbox 141 1443 247 1519; x_wconf 89' lang='lat' dir='ltr'><strong>quales</strong></span> <span class='ocrx_word' id='word_1_93' title='bbox 272 1443 385 1502; x_wconf 88' lang='lat' dir='ltr'><strong>fuerint</strong></span> <span class='ocrx_word' id='word_1_94' title='bbox 409 1444 580 1502; x_wconf 78' lang='lat' dir='ltr'><strong>accuratius</strong></span> <span class='ocrx_word' id='word_1_95' title='bbox 603 1443 799 1502; x_wconf 83' lang='lat' dir='ltr'><strong>describatur.</strong></span> 
     </span>
    </p>

    <p class='ocr_par' dir='ltr' id='par_1_5' title="bbox 134 1539 1156 3562">
     <span class='ocr_line' id='line_1_15' title="bbox 205 1539 1155 1619; baseline 0.005 -21"><span class='ocrx_word' id='word_1_96' title='bbox 205 1541 341 1599; x_wconf 83' lang='lat' dir='ltr'><strong>Primum</strong></span> <span class='ocrx_word' id='word_1_97' title='bbox 374 1543 454 1600; x_wconf 90' lang='lat' dir='ltr'><strong>enim</strong></span> <span class='ocrx_word' id='word_1_98' title='bbox 481 1540 646 1602; x_wconf 88' lang='lat' dir='ltr'><strong>Homerum</strong></span> <span class='ocrx_word' id='word_1_99' title='bbox 674 1545 705 1600; x_wconf 89' lang='lat' dir='ltr'><strong>et</strong></span> <span class='ocrx_word' id='word_1_100' title='bbox 731 1539 898 1600; x_wconf 88' lang='lat' dir='ltr'><strong>Hesiodum</strong></span> <span class='ocrx_word' id='word_1_101' title='bbox 926 1560 944 1600; x_wconf 84' lang='lat' dir='ltr'><strong>a</strong></span> <span class='ocrx_word' id='word_1_102' title='bbox 971 1543 1155 1619; x_wconf 88' lang='lat' dir='ltr'><strong>Xenophane</strong></span> 
     </span>
     <span class='ocr_line' id='line_1_16' title="bbox 140 1638 1154 1701; baseline 0.006 -6"><span class='ocrx_word' id='word_1_103' title='bbox 140 1638 243 1697; x_wconf 88' lang='lat' dir='ltr'><strong>irrisos</strong></span> <span class='ocrx_word' id='word_1_104' title='bbox 277 1656 340 1697; x_wconf 89' lang='lat' dir='ltr'><strong>esse</strong></span> <span class='ocrx_word' id='word_1_105' title='bbox 373 1659 433 1699; x_wconf 92' lang='lat' dir='ltr'><strong>non</strong></span> <span class='ocrx_word' id='word_1_106' title='bbox 466 1640 565 1699; x_wconf 92' lang='lat' dir='ltr'><strong>solum</strong></span> <span class='ocrx_word' id='word_1_107' title='bbox 596 1641 749 1698; x_wconf 89' lang='lat' dir='ltr'><strong>testantur</strong></span> <span class='ocrx_word' id='word_1_108' title='bbox 779 1639 813 1697; x_wconf 90' lang='lat' dir='ltr'><strong>L.</strong></span> <span class='ocrx_word' id='word_1_109' title='bbox 841 1639 877 1697; x_wconf 90' lang='lat' dir='ltr'><strong>D.</strong></span> <span class='ocrx_word' id='word_1_110' title='bbox 905 1640 925 1697; x_wconf 95' lang='lat' dir='ltr'><strong>l.</strong></span> <span class='ocrx_word' id='word_1_111' title='bbox 950 1658 972 1698; x_wconf 92' lang='lat' dir='ltr'><strong>s.</strong></span> <span class='ocrx_word' id='word_1_112' title='bbox 1000 1645 1032 1700; x_wconf 89' lang='lat' dir='ltr'><strong>et</strong></span> <span class='ocrx_word' id='word_1_113' title='bbox 1058 1641 1089 1699; x_wconf 94' lang='grc' dir='ltr'>Π</span> <span class='ocrx_word' id='word_1_114' title='bbox 1113 1645 1154 1701; x_wconf 88' lang='grc'><strong>46</strong></span> 
     </span>
     <span class='ocr_line' id='line_1_17' title="bbox 141 1727 1154 1818; baseline 0.003 -26"><span class='ocrx_word' id='word_1_115' title='bbox 141 1728 224 1792; x_wconf 89' lang='grc' dir='ltr'><strong><em>καθά</em></strong></span> <span class='ocrx_word' id='word_1_116' title='bbox 257 1750 351 1810; x_wconf 89' lang='grc' dir='ltr'><strong><em>φησιν</em></strong></span> <span class='ocrx_word' id='word_1_117' title='bbox 377 1727 572 1811; x_wconf 74' lang='grc' dir='ltr'><strong><em>Ἀριστοτέλης</em></strong></span> <span class='ocrx_word' id='word_1_118' title='bbox 604 1730 638 1793; x_wconf 81' lang='grc' dir='ltr'><strong>ἒν</strong></span> <span class='ocrx_word' id='word_1_119' title='bbox 668 1735 752 1817; x_wconf 81' lang='grc' dir='ltr'><strong><em>τρίτῳ</em></strong></span> <span class='ocrx_word' id='word_1_120' title='bbox 785 1731 851 1811; x_wconf 80' lang='grc' dir='ltr'><strong><em>περὶ</em></strong></span> <span class='ocrx_word' id='word_1_121' title='bbox 882 1738 1036 1814; x_wconf 79' lang='grc' dir='ltr'><strong><em>ποιητικῆς</em></strong></span> <span class='ocrx_word' id='word_1_122' title='bbox 1069 1729 1154 1818; x_wconf 85' lang='lat' dir='ltr'><strong>(dial.</strong></span> 
     </span>
     <span class='ocr_line' id='line_1_18' title="bbox 140 1823 1154 1915; baseline 0.006 -27"><span class='ocrx_word' id='word_1_123' title='bbox 140 1827 206 1905; x_wconf 80' lang='grc' dir='ltr'><strong><em>περὶ</em></strong></span> <span class='ocrx_word' id='word_1_124' title='bbox 234 1832 366 1908; x_wconf 81' lang='grc' dir='ltr'><strong><em>ποιητῶν</em></strong></span> <span class='ocrx_word' id='word_1_125' title='bbox 393 1831 428 1890; x_wconf 87' lang='lat' dir='ltr'><strong>fr.</strong></span> <span class='ocrx_word' id='word_1_126' title='bbox 454 1835 471 1890; x_wconf 78' lang='lat'>7</span> <span class='ocrx_word' id='word_1_127' title='bbox 497 1823 581 1912; x_wconf 85' lang='lat' dir='ltr'><strong>Ros)</strong></span> <span class='ocrx_word' id='word_1_128' title='bbox 609 1827 784 1906; x_wconf 72' lang='grc' dir='ltr'><strong><em>ἐφιλονείκει</em></strong></span> <span class='ocrx_word' id='word_1_129' title='bbox 801 1878 808 1891; x_wconf 93' lang='grc'><strong>.</strong></span> <span class='ocrx_word' id='word_1_130' title='bbox 828 1878 835 1892; x_wconf 92' lang='grc'><strong>.</strong></span> <span class='ocrx_word' id='word_1_131' title='bbox 855 1877 862 1890; x_wconf 91' lang='grc'><strong>.</strong></span> <span class='ocrx_word' id='word_1_132' title='bbox 881 1827 1020 1912; x_wconf 80' lang='grc' dir='ltr'><strong><em>Σύαγρος</em></strong></span> <span class='ocrx_word' id='word_1_133' title='bbox 1037 1826 1154 1915; x_wconf 79' lang='grc' dir='ltr'><strong><em>Ὁμήρῳ</em></strong></span> 
     </span>
     <span class='ocr_line' id='line_1_19' title="bbox 143 1919 1155 2007; baseline 0.002 -21"><span class='ocrx_word' id='word_1_134' title='bbox 143 1927 238 2001; x_wconf 77' lang='grc' dir='ltr'><strong><em>ζῶντι,</em></strong></span> <span class='ocrx_word' id='word_1_135' title='bbox 256 1920 442 1988; x_wconf 68' lang='grc' dir='ltr'><strong><em>ἀποθανόντι</em></strong></span> <span class='ocrx_word' id='word_1_136' title='bbox 461 1924 493 1987; x_wconf 79' lang='grc' dir='ltr'><strong>δὲ</strong></span> <span class='ocrx_word' id='word_1_137' title='bbox 511 1922 689 2007; x_wconf 74' lang='grc' dir='ltr'><strong><em>Ξενοφάνης</em></strong></span> <span class='ocrx_word' id='word_1_138' title='bbox 707 1919 943 2006; x_wconf 81' lang='grc' dir='ltr'><strong><em>δΚολοφιόνιος,</em></strong></span> <span class='ocrx_word' id='word_1_139' title='bbox 961 1925 1010 1988; x_wconf 83' lang='grc' dir='ltr'><strong>καί</strong></span> <span class='ocrx_word' id='word_1_140' title='bbox 1023 1925 1155 2006; x_wconf 79' lang='grc' dir='ltr'><strong><em>Κέρκωψ</em></strong></span> 
     </span>
     <span class='ocr_line' id='line_1_20' title="bbox 134 2016 1154 2106; baseline 0.002 -23"><span class='ocrx_word' id='word_1_141' title='bbox 134 2017 266 2106; x_wconf 81' lang='grc' dir='ltr'><strong><em>Ἡσιόδῳ</em></strong></span> <span class='ocrx_word' id='word_1_142' title='bbox 290 2025 390 2100; x_wconf 81' lang='grc' dir='ltr'><strong><em>ζῶντι,</em></strong></span> <span class='ocrx_word' id='word_1_143' title='bbox 416 2016 617 2103; x_wconf 76' lang='grc' dir='ltr'><strong><em>τελευτήσαντι</em></strong></span> <span class='ocrx_word' id='word_1_144' title='bbox 640 2021 673 2085; x_wconf 84' lang='grc' dir='ltr'><strong>δὲ</strong></span> <span class='ocrx_word' id='word_1_145' title='bbox 697 2018 713 2086; x_wconf 86' lang='grc' dir='ltr'><strong><em>δ</em></strong></span> <span class='ocrx_word' id='word_1_146' title='bbox 736 2022 947 2103; x_wconf 81' lang='grc' dir='ltr'><strong><em>προειρημένος</em></strong></span> <span class='ocrx_word' id='word_1_147' title='bbox 968 2019 1154 2104; x_wconf 72' lang='grc' dir='ltr'><strong><em>Ξενοφάνης,</em></strong></span> 
     </span>
     <span class='ocr_line' id='line_1_21' title="bbox 142 2115 1155 2202; baseline 0.003 -22"><span class='ocrx_word' id='word_1_148' title='bbox 142 2122 250 2181; x_wconf 84' lang='lat' dir='ltr'><strong>Timon</strong></span> <span class='ocrx_word' id='word_1_149' title='bbox 283 2123 315 2180; x_wconf 90' lang='lat' dir='ltr'><strong>in</strong></span> <span class='ocrx_word' id='word_1_150' title='bbox 341 2123 378 2182; x_wconf 87' lang='lat' dir='ltr'><strong>fr.</strong></span> <span class='ocrx_word' id='word_1_151' title='bbox 405 2124 516 2183; x_wconf 87' lang='lat' dir='ltr'>XXXX</span> <span class='ocrx_word' id='word_1_152' title='bbox 548 2116 736 2200; x_wconf 78' lang='grc' dir='ltr'><strong><em>Ξεινοφάνης</em></strong></span> <span class='ocrx_word' id='word_1_153' title='bbox 767 2115 924 2198; x_wconf 82' lang='grc' dir='ltr'><strong><em>δπάτοφος</em></strong></span> <span class='ocrx_word' id='word_1_154' title='bbox 950 2115 1155 2202; x_wconf 83' lang='grc' dir='ltr'><strong><em>Ὁμηραπάτης</em></strong></span> 
     </span>
     <span class='ocr_line' id='line_1_22' title="bbox 140 2214 1155 2299; baseline 0.004 -22"><span class='ocrx_word' id='word_1_155' title='bbox 140 2214 312 2296; x_wconf 75' lang='grc' dir='ltr'><strong><em>ἐπικόπτης,</em></strong></span> <span class='ocrx_word' id='word_1_156' title='bbox 334 2220 526 2297; x_wconf 74' lang='lat' dir='ltr'><strong>Plutarchus,</strong></span> <span class='ocrx_word' id='word_1_157' title='bbox 550 2222 681 2294; x_wconf 78' lang='lat' dir='ltr'><strong>apophth.</strong></span> <span class='ocrx_word' id='word_1_158' title='bbox 704 2237 762 2295; x_wconf 77' lang='grc' dir='ltr'><strong><em>κερ.</em></strong></span> <span class='ocrx_word' id='word_1_159' title='bbox 785 2221 870 2280; x_wconf 83' lang='lat' dir='ltr'><strong>Hier.</strong></span> <span class='ocrx_word' id='word_1_160' title='bbox 894 2222 914 2277; x_wconf 87' lang='grc'>4</span> <span class='ocrx_word' id='word_1_161' title='bbox 936 2243 965 2299; x_wconf 86' lang='lat' dir='ltr'><strong>p.</strong></span> <span class='ocrx_word' id='word_1_162' title='bbox 988 2223 1049 2282; x_wconf 80' lang='lat'><strong>175</strong></span> <span class='ocrx_word' id='word_1_163' title='bbox 1064 2216 1155 2299; x_wconf 68' lang='lat' dir='ltr'><strong>‘&#39;Opp-</strong></span> 
     </span>
     <span class='ocr_line' id='line_1_23' title="bbox 141 2308 1155 2398; baseline 0.005 -24"><span class='ocrx_word' id='word_1_164' title='bbox 141 2335 192 2392; x_wconf 89' lang='grc' dir='ltr'><strong>ρος</strong></span> <span class='ocrx_word' id='word_1_165' title='bbox 219 2308 255 2375; x_wconf 86' lang='grc' dir='ltr'><strong>δν</strong></span> <span class='ocrx_word' id='word_1_166' title='bbox 282 2311 319 2377; x_wconf 81' lang='lat' dir='ltr'><strong>ed</strong></span> <span class='ocrx_word' id='word_1_167' title='bbox 343 2308 547 2398; x_wconf 79' lang='grc' dir='ltr'><strong><em>(Ξενοφάνης)</em></strong></span> <span class='ocrx_word' id='word_1_168' title='bbox 576 2311 737 2396; x_wconf 83' lang='grc' dir='ltr'><strong><em>διασόρεις;</em></strong></span> <span class='ocrx_word' id='word_1_169' title='bbox 769 2338 875 2378; x_wconf 89' lang='lat' dir='ltr'><strong>verum</strong></span> <span class='ocrx_word' id='word_1_170' title='bbox 902 2319 996 2378; x_wconf 86' lang='lat' dir='ltr'><strong>etiarn</strong></span> <span class='ocrx_word' id='word_1_171' title='bbox 1024 2323 1155 2379; x_wconf 82' lang='lat' dir='ltr'><strong>aetatem</strong></span> 
     </span>
     <span class='ocr_line' id='line_1_24' title="bbox 140 2403 1154 2496; baseline 0.005 -24"><span class='ocrx_word' id='word_1_172' title='bbox 140 2413 279 2473; x_wconf 91' lang='lat' dir='ltr'><strong>tulerunt</strong></span> <span class='ocrx_word' id='word_1_173' title='bbox 303 2417 450 2490; x_wconf 88' lang='lat' dir='ltr'><strong>quattuor</strong></span> <span class='ocrx_word' id='word_1_174' title='bbox 471 2433 577 2475; x_wconf 85' lang='lat' dir='ltr'><strong>versus</strong></span> <span class='ocrx_word' id='word_1_175' title='bbox 595 2415 762 2474; x_wconf 82' lang='lat' dir='ltr'><strong>hexametri</strong></span> <span class='ocrx_word' id='word_1_176' title='bbox 782 2407 831 2495; x_wconf 84' lang='lat' dir='ltr'><strong>(fr.</strong></span> <span class='ocrx_word' id='word_1_177' title='bbox 851 2407 897 2496; x_wconf 78' lang='grc' dir='ltr'><strong>Π)</strong></span> <span class='ocrx_word' id='word_1_178' title='bbox 917 2403 1027 2492; x_wconf 86' lang='lat' dir='ltr'><strong>quihus</strong></span> <span class='ocrx_word' id='word_1_179' title='bbox 1045 2417 1154 2477; x_wconf 91' lang='lat' dir='ltr'><strong>Home·</strong></span> 
     </span>
     <span class='ocr_line' id='line_1_25' title="bbox 140 2509 1154 2587; baseline 0.004 -19"><span class='ocrx_word' id='word_1_180' title='bbox 140 2529 209 2568; x_wconf 91' lang='lat' dir='ltr'><strong>rum</strong></span> <span class='ocrx_word' id='word_1_181' title='bbox 231 2509 457 2587; x_wconf 89' lang='lat' dir='ltr'><strong>Hesiodumque</strong></span> <span class='ocrx_word' id='word_1_182' title='bbox 491 2511 528 2570; x_wconf 92' lang='lat' dir='ltr'><strong>ob</strong></span> <span class='ocrx_word' id='word_1_183' title='bbox 560 2511 680 2570; x_wconf 86' lang='lat' dir='ltr'><strong>fabulas</strong></span> <span class='ocrx_word' id='word_1_184' title='bbox 713 2512 886 2572; x_wconf 85' lang='lat' dir='ltr'><strong>inhonestas</strong></span> <span class='ocrx_word' id='word_1_185' title='bbox 914 2513 950 2572; x_wconf 93' lang='lat' dir='ltr'><strong>de</strong></span> <span class='ocrx_word' id='word_1_186' title='bbox 978 2514 1041 2573; x_wconf 91' lang='lat' dir='ltr'><strong>deis</strong></span> <span class='ocrx_word' id='word_1_187' title='bbox 1069 2513 1154 2573; x_wconf 89' lang='lat' dir='ltr'><strong>fictas</strong></span> 
     </span>
     <span class='ocr_line' id='line_1_26' title="bbox 140 2606 1154 2687; baseline 0.005 -24"><span class='ocrx_word' id='word_1_188' title='bbox 140 2606 256 2665; x_wconf 84' lang='lat' dir='ltr'><strong>lacerat</strong></span> <span class='ocrx_word' id='word_1_189' title='bbox 273 2607 480 2681; x_wconf 88' lang='lat' dir='ltr'><strong>Xenophanes.</strong></span> <span class='ocrx_word' id='word_1_190' title='bbox 517 2610 584 2664; x_wconf 89' lang='lat' dir='ltr'><strong>tum</strong></span> <span class='ocrx_word' id='word_1_191' title='bbox 604 2608 759 2667; x_wconf 85' lang='lat' dir='ltr'><strong>Thaletem</strong></span> <span class='ocrx_word' id='word_1_192' title='bbox 777 2608 983 2687; x_wconf 80' lang='lat' dir='ltr'><strong>Pythagoram</strong></span> <span class='ocrx_word' id='word_1_193' title='bbox 1001 2611 1154 2687; x_wconf 85' lang='lat' dir='ltr'><strong>Epimeni-</strong></span> 
     </span>
     <span class='ocr_line' id='line_1_27' title="bbox 142 2702 1155 2783; baseline 0.006 -22"><span class='ocrx_word' id='word_1_194' title='bbox 142 2704 208 2762; x_wconf 92' lang='lat' dir='ltr'><strong>dem</strong></span> <span class='ocrx_word' id='word_1_195' title='bbox 221 2703 431 2777; x_wconf 84' lang='lat' dir='ltr'><strong>perstrinxisse</strong></span> <span class='ocrx_word' id='word_1_196' title='bbox 446 2706 589 2762; x_wconf 88' lang='lat' dir='ltr'><strong>narratur</strong></span> <span class='ocrx_word' id='word_1_197' title='bbox 602 2723 621 2763; x_wconf 90' lang='lat' dir='ltr'><strong>a</strong></span> <span class='ocrx_word' id='word_1_198' title='bbox 634 2703 733 2764; x_wconf 85' lang='lat' dir='ltr'><strong>Laert.</strong></span> <span class='ocrx_word' id='word_1_199' title='bbox 748 2705 836 2783; x_wconf 83' lang='lat' dir='ltr'><strong>Diog.</strong></span> <span class='ocrx_word' id='word_1_200' title='bbox 851 2707 895 2765; x_wconf 89' lang='lat' dir='ltr'><strong>IX</strong></span> <span class='ocrx_word' id='word_1_201' title='bbox 911 2711 951 2768; x_wconf 88' lang='lat'><strong>18</strong></span> <span class='ocrx_word' id='word_1_202' title='bbox 966 2702 1155 2778; x_wconf 77' lang='grc' dir='ltr'><strong><em>ἀντιδοξάσαι</em></strong></span> 
     </span>
     <span class='ocr_line' id='line_1_28' title="bbox 140 2794 1155 2882; baseline 0.007 -26"><span class='ocrx_word' id='word_1_203' title='bbox 140 2818 169 2858; x_wconf 89' lang='grc' dir='ltr'><strong><em>τε</em></strong></span> <span class='ocrx_word' id='word_1_204' title='bbox 192 2795 303 2877; x_wconf 77' lang='grc' dir='ltr'><strong><em>λέγεται</em></strong></span> <span class='ocrx_word' id='word_1_205' title='bbox 328 2799 411 2880; x_wconf 73' lang='grc' dir='ltr'><strong><em>Θαλῇ</em></strong></span> <span class='ocrx_word' id='word_1_206' title='bbox 433 2796 483 2857; x_wconf 77' lang='grc' dir='ltr'><strong>καί</strong></span> <span class='ocrx_word' id='word_1_207' title='bbox 506 2794 689 2882; x_wconf 73' lang='grc' dir='ltr'><strong><em>Πυθαγόρᾳ,</em></strong></span> <span class='ocrx_word' id='word_1_208' title='bbox 712 2796 915 2880; x_wconf 75' lang='grc' dir='ltr'><strong><em>καθάψασθαι</em></strong></span> <span class='ocrx_word' id='word_1_209' title='bbox 943 2801 976 2865; x_wconf 79' lang='grc' dir='ltr'><strong>δὲ</strong></span> <span class='ocrx_word' id='word_1_210' title='bbox 1002 2801 1053 2864; x_wconf 84' lang='grc' dir='ltr'><strong>καδ</strong></span> <span class='ocrx_word' id='word_1_211' title='bbox 1072 2798 1155 2864; x_wconf 86' lang='grc' dir='ltr'><strong><em>Ἐπι-</em></strong></span> 
     </span>
     <span class='ocr_line' id='line_1_29' title="bbox 142 2891 1154 2984; baseline 0.008 -30"><span class='ocrx_word' id='word_1_212' title='bbox 142 2894 278 2971; x_wconf 85' lang='grc' dir='ltr'><strong><em>μενίδου;</em></strong></span> <span class='ocrx_word' id='word_1_213' title='bbox 301 2896 567 2974; x_wconf 83' lang='lat' dir='ltr'><strong>Pythagoramque</strong></span> <span class='ocrx_word' id='word_1_214' title='bbox 589 2899 621 2957; x_wconf 91' lang='lat' dir='ltr'><strong>in</strong></span> <span class='ocrx_word' id='word_1_215' title='bbox 645 2900 743 2977; x_wconf 86' lang='lat' dir='ltr'><strong>elegia</strong></span> <span class='ocrx_word' id='word_1_216' title='bbox 766 2891 816 2980; x_wconf 87' lang='lat' dir='ltr'><strong>(fr.</strong></span> <span class='ocrx_word' id='word_1_217' title='bbox 834 2903 873 2961; x_wconf 91' lang='lat'><strong>18</strong></span> <span class='ocrx_word' id='word_1_218' title='bbox 889 2896 1013 2984; x_wconf 81' lang='lat' dir='ltr'><strong>Bergk.)</strong></span> <span class='ocrx_word' id='word_1_219' title='bbox 1033 2921 1154 2979; x_wconf 91' lang='lat' dir='ltr'><strong>quoque</strong></span> 
     </span>
     <span class='ocr_line' id='line_1_30' title="bbox 141 2985 1156 3077; baseline 0.01 -27"><span class='ocrx_word' id='word_1_220' title='bbox 141 2992 304 3052; x_wconf 84' lang='lat' dir='ltr'><strong>cavillatus</strong></span> <span class='ocrx_word' id='word_1_221' title='bbox 327 2997 373 3053; x_wconf 91' lang='lat' dir='ltr'><strong>est</strong></span> <span class='ocrx_word' id='word_1_222' title='bbox 397 2993 435 3053; x_wconf 94' lang='lat' dir='ltr'><strong>ob</strong></span> <span class='ocrx_word' id='word_1_223' title='bbox 459 2985 694 3073; x_wconf 83' lang='grc' dir='ltr'><strong><em>μετεμψάχιοσιν,</em></strong></span> <span class='ocrx_word' id='word_1_224' title='bbox 723 3001 815 3075; x_wconf 86' lang='lat' dir='ltr'><strong>atque</strong></span> <span class='ocrx_word' id='word_1_225' title='bbox 838 3000 1047 3076; x_wconf 82' lang='lat' dir='ltr'><strong>Epimenidem</strong></span> <span class='ocrx_word' id='word_1_226' title='bbox 1069 3004 1156 3077; x_wconf 86' lang='lat' dir='ltr'><strong>patet</strong></span> 
     </span>
     <span class='ocr_line' id='line_1_31' title="bbox 141 3089 1154 3177; baseline 0.005 -28"><span class='ocrx_word' id='word_1_227' title='bbox 141 3108 195 3150; x_wconf 90' lang='lat' dir='ltr'><strong>eur</strong></span> <span class='ocrx_word' id='word_1_228' title='bbox 218 3109 380 3168; x_wconf 80' lang='lat' dir='ltr'><strong>aggressus</strong></span> <span class='ocrx_word' id='word_1_229' title='bbox 404 3092 455 3169; x_wconf 78' lang='lat' dir='ltr'><strong>sit3</strong></span> <span class='ocrx_word' id='word_1_230' title='bbox 480 3092 534 3151; x_wconf 93' lang='lat' dir='ltr'><strong>ille</strong></span> <span class='ocrx_word' id='word_1_231' title='bbox 557 3092 637 3151; x_wconf 90' lang='lat' dir='ltr'><strong>enim</strong></span> <span class='ocrx_word' id='word_1_232' title='bbox 657 3094 820 3173; x_wconf 79' lang='grc' dir='ltr'><strong><em>θεογονίαν</em></strong></span> <span class='ocrx_word' id='word_1_233' title='bbox 843 3097 963 3174; x_wconf 86' lang='lat' dir='ltr'><strong>scripsit</strong></span> <span class='ocrx_word' id='word_1_234' title='bbox 986 3089 1037 3177; x_wconf 81' lang='lat' dir='ltr'><strong>(of.</strong></span> <span class='ocrx_word' id='word_1_235' title='bbox 1061 3098 1094 3156; x_wconf 90' lang='lat' dir='ltr'><strong>L.</strong></span> <span class='ocrx_word' id='word_1_236' title='bbox 1118 3098 1154 3155; x_wconf 91' lang='lat' dir='ltr'><strong>D.</strong></span> 
     </span>
     <span class='ocr_line' id='line_1_32' title="bbox 140 3179 1155 3270; baseline 0.004 -24"><span class='ocrx_word' id='word_1_237' title='bbox 140 3179 265 3269; x_wconf 88' lang='lat'>1110),</span> <span class='ocrx_word' id='word_1_238' title='bbox 288 3189 486 3265; x_wconf 85' lang='lat' dir='ltr'><strong>Xenophanes</strong></span> <span class='ocrx_word' id='word_1_239' title='bbox 510 3193 613 3249; x_wconf 86' lang='lat' dir='ltr'><strong>autem</strong></span> <span class='ocrx_word' id='word_1_240' title='bbox 636 3191 713 3251; x_wconf 82' lang='lat' dir='ltr'><strong>dixit</strong></span> <span class='ocrx_word' id='word_1_241' title='bbox 735 3210 786 3253; x_wconf 90' lang='lat' dir='ltr'><strong>eos</strong></span> <span class='ocrx_word' id='word_1_242' title='bbox 810 3193 863 3270; x_wconf 88' lang='lat' dir='ltr'><strong>qui</strong></span> <span class='ocrx_word' id='word_1_243' title='bbox 885 3194 955 3252; x_wconf 88' lang='lat' dir='ltr'><strong>deos</strong></span> <span class='ocrx_word' id='word_1_244' title='bbox 978 3196 1067 3251; x_wconf 86' lang='lat' dir='ltr'><strong>natos</strong></span> <span class='ocrx_word' id='word_1_245' title='bbox 1091 3209 1155 3251; x_wconf 88' lang='lat' dir='ltr'><strong>esse</strong></span> 
     </span>
     <span class='ocr_line' id='line_1_33' title="bbox 139 3280 1154 3367; baseline 0.002 -24"><span class='ocrx_word' id='word_1_246' title='bbox 139 3286 333 3360; x_wconf 88' lang='lat' dir='ltr'><strong>perhiberent</strong></span> <span class='ocrx_word' id='word_1_247' title='bbox 364 3305 424 3345; x_wconf 91' lang='lat' dir='ltr'><strong>non</strong></span> <span class='ocrx_word' id='word_1_248' title='bbox 456 3287 555 3346; x_wconf 89' lang='lat' dir='ltr'><strong>minus</strong></span> <span class='ocrx_word' id='word_1_249' title='bbox 588 3280 705 3366; x_wconf 85' lang='grc' dir='ltr'><strong><em>άσεβεῖν</em></strong></span> <span class='ocrx_word' id='word_1_250' title='bbox 738 3308 828 3366; x_wconf 89' lang='lat' dir='ltr'><strong>quam</strong></span> <span class='ocrx_word' id='word_1_251' title='bbox 858 3290 910 3365; x_wconf 91' lang='lat' dir='ltr'><strong>qui</strong></span> <span class='ocrx_word' id='word_1_252' title='bbox 936 3291 1073 3348; x_wconf 86' lang='lat' dir='ltr'><strong>mortuos</strong></span> <span class='ocrx_word' id='word_1_253' title='bbox 1102 3280 1154 3367; x_wconf 81' lang='lat' dir='ltr'><strong>(cf.</strong></span> 
     </span>
     <span class='ocr_line' id='line_1_34' title="bbox 140 3375 1154 3464; baseline 0.005 -25"><span class='ocrx_word' id='word_1_254' title='bbox 140 3381 277 3459; x_wconf 83' lang='lat' dir='ltr'><strong>Aristot,</strong></span> <span class='ocrx_word' id='word_1_255' title='bbox 314 3383 382 3441; x_wconf 80' lang='lat' dir='ltr'><strong>rhet.</strong></span> <span class='ocrx_word' id='word_1_256' title='bbox 416 3383 447 3440; x_wconf 92' lang='grc' dir='ltr'>Π</span> <span class='ocrx_word' id='word_1_257' title='bbox 481 3375 546 3464; x_wconf 79' lang='lat'><strong>23).</strong></span> <span class='ocrx_word' id='word_1_258' title='bbox 601 3387 632 3443; x_wconf 89' lang='lat' dir='ltr'><strong>et</strong></span> <span class='ocrx_word' id='word_1_259' title='bbox 673 3387 793 3463; x_wconf 80' lang='lat' dir='ltr'><strong>egregie</strong></span> <span class='ocrx_word' id='word_1_260' title='bbox 835 3385 974 3444; x_wconf 87' lang='lat' dir='ltr'><strong>carminis</strong></span> <span class='ocrx_word' id='word_1_261' title='bbox 1012 3389 1154 3444; x_wconf 83' lang='lat' dir='ltr'><strong>naturam</strong></span> 
     </span>
     <span class='ocr_line' id='line_1_35' title="bbox 142 3473 1152 3562; baseline 0.008 -28"><span class='ocrx_word' id='word_1_262' title='bbox 142 3476 284 3536; x_wconf 88' lang='lat' dir='ltr'><strong>describit</strong></span> <span class='ocrx_word' id='word_1_263' title='bbox 306 3476 398 3537; x_wconf 88' lang='lat' dir='ltr'><strong>Arius</strong></span> <span class='ocrx_word' id='word_1_264' title='bbox 421 3479 571 3557; x_wconf 85' lang='lat' dir='ltr'><strong>Didymus</strong></span> <span class='ocrx_word' id='word_1_265' title='bbox 600 3481 652 3557; x_wconf 91' lang='lat' dir='ltr'><strong>qui</strong></span> <span class='ocrx_word' id='word_1_266' title='bbox 677 3482 709 3539; x_wconf 92' lang='lat' dir='ltr'><strong>in</strong></span> <span class='ocrx_word' id='word_1_267' title='bbox 732 3481 809 3541; x_wconf 88' lang='lat' dir='ltr'><strong>libro</strong></span> <span class='ocrx_word' id='word_1_268' title='bbox 832 3477 898 3559; x_wconf 79' lang='grc' dir='ltr'><strong><em>περὶ</em></strong></span> <span class='ocrx_word' id='word_1_269' title='bbox 921 3476 1060 3558; x_wconf 84' lang='grc' dir='ltr'><strong><em>αίρίσεον</em></strong></span> <span class='ocrx_word' id='word_1_270' title='bbox 1089 3473 1152 3562; x_wconf 83' lang='lat' dir='ltr'><strong>(ap.</strong></span> 
     </span>
    </p>
   </div>
   <div class='ocr_carea' id='block_1_4' title="bbox 0 0 1238 3832">
    <p class='ocr_par' dir='ltr' id='par_1_6' title="bbox 0 0 1238 3832">
     <span class='ocr_line' id='line_1_36' title="bbox 0 0 1238 3832; baseline 0 0"><span class='ocrx_word' id='word_1_271' title='bbox 0 0 1238 3832; x_wconf 95' lang='lat' dir='ltr'><strong> </strong></span> 
     </span>
    </p>
   </div>
  </div>
 </body>
</html>
