2466 3832
501 79 719 143 „47-

104 263 166 321 qua
177 243 222 303 ‘de
239 262 272 302 re
290 246 454 320 postquam
473 241 580 301 effudit
598 243 749 318 querelas,
772 242 882 318 quibus
901 247 989 304 earet
1007 243 1116 302 Timon

101 361 139 402 ne
168 342 236 419 quis
263 344 353 418 putet
380 338 608 416 Xenophanem,
640 339 695 415 qui
721 338 759 397 ab
785 338 852 415 ipso
880 341 985 400 statim
1013 359 1115 401 omnes

99 443 222 517 praeter
247 439 435 517 Pyrrhonem
461 436 656 513 philosophos
682 435 904 512 reprehendens
931 436 1114 515 depingitur,

100 536 250 613 Pyrrhoni
273 552 492 613 usquequaque
514 552 619 610 parem
642 551 719 610 esse,
743 533 804 591 iam
825 532 933 592 Timon
956 553 1025 592 eum
1047 539 1114 594 tan-

101 653 192 711 quam
216 634 364 693 Tiresiam
391 623 558 711 alteruml)
586 631 623 690 de
651 630 780 708 singulis
805 630 994 707 philosophis
1021 631 1113 690 inter·

99 728 189 809 rogat
215 731 477 808 Xenophanesque
507 727 670 804 respondet
702 745 805 808 omnes
836 728 983 786 aculeatis
1013 727 1113 788 verbis

98 829 342 908 perstringendo,
370 847 431 906 quo
458 845 582 886 munere
604 829 642 884 ut
663 826 866 902 perfungatur
887 825 994 884 multis
1016 825 1112 884 nomi-

98 926 187 986 nibus
209 926 390 1004 peridoneus
410 925 529 984 Tim0ni
551 924 635 985 visus
654 927 708 982 est.
745 917 806 982 non
830 924 929 982 solum
952 923 1034 982 enim
1052 923 1112 981 fuit

97 1023 151 1083 ille
163 1042 243 1083 unus
262 1043 298 1083 ex
317 1022 536 1100 antiquissimis
553 1021 750 1099 philosophis,
770 1020 823 1098 qui
844 1020 957 1096 optime
975 1020 1112 1096 potuerit

98 1121 236 1199 cognitos
262 1121 374 1181 habere
398 1120 532 1181 omnium
558 1119 807 1196 philosophorum
832 1137 931 1178 mores
960 1118 1111 1178 doctrinas

97 1219 177 1280 vitas
201 1238 238 1278 ex
260 1219 405 1278 diuturna
428 1236 496 1277 oum
516 1218 559 1277 eis
581 1217 614 1275 in
632 1215 709 1277 Oreo
728 1217 954 1294 consuetudine,
978 1217 1031 1276 sed
1049 1216 1111 1274 iam

98 1317 170 1376 dum
191 1317 273 1374 inter
294 1317 380 1377 vivos
404 1319 451 1375 est
473 1310 657 1390 ‘increparit
681 1332 786 1372 eorum
809 1314 1027 1391 arrogantiam,
1056 1313 1110 1390 qui

96 1429 165 1470 eum
184 1410 254 1469 seiri
272 1411 348 1472 nihil
364 1413 469 1486 posset
491 1411 638 1469 auderent
661 1428 692 1469 se
716 1410 792 1469 seire
814 1403 974 1493 dicere'l),
994 1411 1108 1487 etipse
1148 1417 1153 1429 '

95 1498 293 1587 σιλλογρᾶφος
314 1507 537 1584 praecipueque
556 1499 763 1584 Ὁμηραπάτης
787 1501 951 1586 ἐπικόπτης.

162 1604 263 1664 Huius
286 1604 382 1683 igitur
404 1604 549 1681 colloquii
571 1607 644 1663 sunt
665 1621 783 1681 versus,
810 1604 920 1680 quibus
944 1607 1047 1684 agitur
1071 1607 1107 1664 de

94 1694 303 1784 Heraelito(?)
327 1694 544 1783 (anXXXVI
562 1701 643 1779 quod
657 1701 787 1761 seeundo
806 1701 883 1762 libro
903 1696 1106 1784 adsignatur),

95 1802 131 1861 de
145 1801 329 1878 Anaxagora
343 1792 393 1882 (fr.
403 1791 599 1881 XXXXVH),
618 1798 654 1858 de
668 1798 836 1876 Protagora
851 1791 901 1879 (fr.
911 1800 1106 1878 XXXXVIII,

166 2033 191 2101 1)
220 2029 333 2099 Optime
359 2047 422 2084 cum
445 2029 553 2085 Tiresia
575 2029 777 2100 Xenophanem
800 2030 921 2084 eontulit
944 2029 1010 2084 Otto
1034 2029 1104 2085 lahn

90 2110 185 2165 Herm.
199 2111 255 2166 vol.
269 2110 296 2164 11
309 2128 337 2179 p.
352 2116 415 2174 2363
436 2109 528 2164 minus
545 2110 617 2163 hene
636 2109 715 2162 addit
733 2109 815 2162 haee:
840 2107 918 2162 ‘Man
935 2109 1011 2162 kann
1029 2111 1104 2164 nooh

92 2189 271 2260 hinzufrigen,
285 2189 350 2244 dass
363 2188 550 2257 Xenophanes
564 2187 714 2257 Rhapsode
728 2204 787 2241 war
802 2228 843 2242 ...
868 2187 907 2240 Er
921 2187 1010 2242 selbot
1023 2187 1103 2243 hatte

87 2270 120 2339 ja
133 2268 310 2324 umfassende
325 2267 438 2336 episoha
451 2265 587 2323 Gediohte
601 2267 781 2336 geschrieben
791 2268 962 2335 Κολοφῶνος
976 2268 1072 2334 κτίσις,
1087 2263 1103 2320 ὁ

91 2351 132 2412 εἰς
147 2345 249 2404 Ἐλέαν
267 2350 317 2418 τῆς
332 2343 449 2410 Ἰταλίας
468 2341 646 2415 ἆποικισμός,
664 2346 721 2399 und
740 2363 769 2400 es
788 2344 916 2400 verdient
930 2344 1103 2415 Beaehtung‚

91 2429 156 2482 dass
181 2445 211 2483 er
233 2445 298 2484 vom
316 2426 477 2483 Handwerk
500 2427 549 2481 des
567 2425 697 2481 Dichtere
720 2425 777 2479 und
794 2423 964 2494 Rhapsoden
988 2439 1037 2477 aus
1056 2442 1103 2478 zur

93 2506 272 2577 Philosophia
298 2508 446 2578 uberging.
482 2507 574 2562 Wenn
602 2522 631 2560 es
660 2503 749 2559 heisst
773 2503 865 2574 (Diog.
885 2503 924 2558 IX
944 2509 988 2574 18)
1016 2499 1103 2566 αὐτὸς

90 2580 253 2658 ἐρραψῴδει
270 2584 305 2642 τὰ
321 2584 434 2655 ἑαυτοῦ,
453 2604 484 2643 so
499 2586 626 2658 segidae
638 2584 715 2640 wohl
732 2585 820 2654 nieht,
839 2585 905 2639 dass
924 2603 955 2639 er
974 2583 1035 2639 sieh
1053 2585 1104 2639 auf

89 2665 145 2720 dan
163 2662 286 2736 Vortrag
304 2667 395 2721 seiner
412 2667 531 2739 eigenen
549 2665 687 2722 Gediohte
706 2664 905 2732 besohrtnkte;
925 2665 1000 2721 seine
1019 2664 1101 2720 Pole-

89 2744 147 2799 mik
165 2744 261 2798 warde
278 2762 332 2798 nur
349 2746 488 2814 pikanter‚
506 2763 589 2802 wenn
607 2746 647 2800 sie
666 2745 719 2800 mit
738 2746 788 2801 der
804 2744 965 2800 Recitation
984 2745 1033 2799 der
1052 2761 1100 2798 an-

10 2844 13 2851 ·
87 2823 259 2896 gegriffenen
274 2824 392 2881 Dichter
409 2827 440 2882 in
453 2827 636 2896 Verbindang
654 2827 762 2896 gesetzt
779 2840 837 2878 war
855 2827 917 2894 (ll).
940 2823 999 2878 Das
1013 2824 1099 2879 Wan-

86 2904 235 2972 derleben,
263 2903 312 2960 das
340 2906 389 2960 ihn
409 2949 415 2962 .
435 2949 441 2962 .
462 2906 636 2977 .jahrelang
658 2905 745 2960 durch
768 2902 966 2959 verschiedene
988 2903 1100 2959 Lander

86 2983 167 3053 trieb,
183 3001 240 3039 war
253 2985 329 3040 wohl
343 2986 393 3040 das
402 2984 495 3040 Leben
509 2986 559 3040 des
572 2983 727 3040 fahrenden
735 2984 907 3053 Rhapsoden
917 2986 977 3053 (ll).
997 2984 1098 3039 Jeden-

84 3063 149 3119 falls
162 3079 221 3118 war
235 3064 282 3118 die
295 3065 424 3119 Person
442 3065 501 3118 des
514 3065 719 3133 Rhapaoden
737 3062 783 3117 die
801 3062 1034 3133 geeignetste,
1053 3062 1098 3116 ihr

85 3141 131 3196 die
149 3143 369 3199 verschiedenen
381 3143 601 3213 Mittheilungen
619 3143 648 3196 in
663 3144 719 3198 den
731 3143 818 3198 Mund
837 3161 871 3196 zu
889 3142 994 3211 legen’.
1024 3157 1097 3208 quae

85 3226 116 3278 ut
134 3239 238 3295 magna
258 3225 390 3292 exparte
408 3240 458 3292 per
474 3239 503 3277 se
517 3221 716 3292 improbabilia
732 3221 871 3289 videntur,
889 3221 930 3274 ita
948 3220 1032 3289 plane
1050 3234 1096 3273 me

84 3302 169 3373 fugit,
197 3302 265 3372 qnid
288 3301 394 3356 faciant
416 3301 453 3356 ad
476 3317 636 3371 personam,
664 3317 749 3369 quam
772 3301 847 3370 apud
871 3298 1017 3353 Timonem
1036 3299 1096 3370 agit

83 3380 280 3452 Xenophanes,
300 3381 502 3451 explicandam.

153 3463 181 3531 2)
200 3460 241 3515 of.
261 3459 332 3530 Cia,
351 3463 429 3517 acad.
445 3478 491 3531 pr.
510 3459 536 3512 Il
555 3465 599 3531 25,
620 3465 661 3514 74.
