2466 3832
478 200 520 210 -
569 163 633 226 112
679 197 722 208 -
992 183 1120 228 rrnorus

105 360 146 371 —
179 327 271 386 habes
308 345 344 387 ea
375 328 529 387 nonnullis
563 326 744 404 quibusdam
777 326 910 402 exceptis
943 326 1072 388 collecta
1104 346 1122 386 a

104 425 354 486 Winckelmanno
378 416 611 508 (Turic1842)
631 455 682 501 -,
707 441 798 502 quam
821 422 1018 484 coniectando
1043 441 1121 485 asse·

106 522 159 600 qui
186 523 317 600 primum
341 541 377 582 ox
399 522 547 582 librorum
576 522 687 598 indice,
717 539 807 597 quem
833 520 991 580 indecem
1014 515 1122 599 τόμους

104 620 168 681 sive
200 615 352 694 συντάξεις
385 639 471 681 εοεαε
504 619 713 697 amplitudinis
746 619 963 696 grammaticus
997 619 1122 697 quidem

104 718 186 796 apud
203 719 303 779 Laert.
321 718 410 796 Diog.
426 715 471 777 VI
491 719 531 778 15
547 736 590 795 sq.
613 716 772 794 redegerat
795 707 847 796 (cf.
866 715 996 794 Birtius‚
1020 717 1119 776 Bact-

103 834 196 878 τουτου
218 819 245 878 d.
260 815 348 876 Alton
366 837 394 892 p.
411 819 474 877 449
499 820 530 876 et
553 814 689 875 Rohdius
714 815 746 873 in
768 817 854 873 nunt.
874 812 1011 892 Gotting.
1033 817 1118 876 1882

103 935 133 991 p.
155 915 238 975 1543
251 906 318 995 οφ),
342 913 413 972 dein
438 931 474 972 ex
497 912 616 989 scriptis
635 911 772 971 Platonis
788 911 957 972 'adversarii
976 913 1121 973 acerrimi.

104 1013 184 1071 inter
207 1030 298 1088 quem
321 1014 352 1070 et
374 1009 587 1070 Antisthenem
610 1010 691 1087 quod
714 1009 828 1069 exarsit
850 1013 1003 1068 certamen
1025 1030 1123 1088 nuper

105 1108 277 1168 accuratius
310 1107 503 1168 adumbrarit
530 1107 744 1167 Dnemmlorus
773 1101 1026 1167 ‘Antisthenicis'
1061 1108 1122 1168 suis

106 1195 190 1283 (Hal.
200 1198 309 1287 1882),
325 1205 378 1283 qni
388 1204 500 1282 optime
511 1206 587 1281 p.63
599 1205 673 1263 haec
687 1205 822 1281 scripsitz
837 1199 875 1264 ‘si
884 1205 1057 1266 consideras
1067 1205 1122 1265 sub

105 1306 182 1379 quot
198 1303 335 1380 personis
355 1303 436 1379 apud
452 1302 611 1363 Platonem
628 1303 726 1361 lateat
739 1302 945 1380 Antisthenes,
970 1304 1122 1380 sophistae

105 1400 174 1460 Elei
202 1400 248 1476 [in
275 1401 389 1478 Hippia
416 1398 566 1478 dialogo],
594 1399 767 1477 philosophi
789 1399 955 1460 Heraclitei
984 1398 1029 1474 [in
1053 1399 1122 1460 Ora·

105 1499 184 1577 tylo,
204 1496 399 1576 Theaeteto],
420 1497 564 1575 rhapsodi
583 1497 628 1573 [in
645 1495 747 1575 Ione],
769 1497 926 1557 miraberis
949 1499 1123 1559 versatilem

105 1595 171 1654 eius
190 1596 325 1654 animum
340 1595 444 1655 Protei
457 1588 588 1655 similem
601 1599 633 1655 et
645 1596 806 1673 intelleges
821 1614 875 1655 cur
888 1596 996 1655 Timon
1014 1615 1123 1674 parum

106 1691 222 1752 urbane
245 1712 316 1752 eum
338 1687 498 1770 τταντοφυῆ
522 1689 653 1769 φλέδονα
677 1687 806 1754 dixerit?

174 1790 309 1849 Timonis
337 1789 421 1848 iocus
448 1808 540 1865 quam
563 1791 661 1849 salsus
685 1791 726 1850 sit
747 1795 784 1851 ut
805 1807 928 1868 prorsus
951 1791 1123 1868 perspicias

107 1886 139 1944 id
163 1906 283 1964 quoquc
310 1886 481 1946 meminisse
510 1887 609 1964 iuvat,
643 1887 725 1964 quod
756 1887 810 1946 illo
838 1891 974 1964 tempore
1003 1881 1124 1964 εὐφυεῖς

108 1977 288 2063 ‘ingeniosi’
312 1983 492 2043 dicebantur
518 1983 654 2043 homines
677 1985 836 2044 versatiles
863 1984 963 2047 verbis
992 1983 1124 2061 expediti

108 2086 139 2142 et
163 2083 293 2160 dicaces,
318 2099 393 2159 quos
418 2081 604 2158 antiquiores
622 2100 677 2158 pro
697 2082 848 2159 gravitate
868 2101 928 2160 qua
946 2085 1020 2141 tunc
1039 2086 1125 2142 erant

108 2197 226 2240 scurras
260 2179 412 2238 dixerant:
452 2179 488 2238 cf.
517 2179 641 2239 Isocrat.
669 2179 820 2258 Areopag.
849 2183 891 2240 49
926 2173 1126 2258 σεμνύνεσθαι

77 2337 81 2343 ,
107 2273 247 2356 ἐμελέτων
271 2269 472 2358 (antiquiores
494 2268 721 2359 Athenienses),
750 2270 813 2336 ἀλλ’
839 2269 875 2336 οὐ
900 2269 1124 2357 βωμολοχεύ-

107 2380 227 2452 εσθαι,
259 2373 310 2435 καὶ
340 2369 410 2448 τούς
442 2367 683 2454 εὐτραπέλους
715 2370 748 2434 δὲ
775 2370 826 2433 καὶ
851 2366 921 2445 τούς
951 2367 1125 2434 σιιούτττειν

108 2470 308 2552 δυναμένους,
346 2465 399 2545 οὓς
429 2475 486 2532 νύν
517 2468 666 2550 εὐφυεῖς
697 2462 983 2551 προσαγορεύουσιν,
1018 2467 1125 2531 ἐκεῖνοι

108 2568 261 2648 δυστυχεῖς
283 2564 432 2646 ἐνόμιζον;
457 2570 493 2628 de
518 2571 645 2630 antidos.
662 2571 726 2629 284
748 2560 818 2640 τούς
836 2562 889 2646 μέν
911 2587 944 2646 με
966 2567 1126 2645 βωμολο-

107 2662 328 2744 χευομὲνους
359 2662 410 2725 καὶ
439 2659 613 2727 σκώπτειν
642 2662 692 2727 καὶ
721 2667 912 2742 μιμεῖσθαι
939 2661 1126 2741 δυναμένους

108 2755 256 2839 εὐφυεῖς
284 2753 353 2841 (qui
376 2779 456 2821 nunc
479 2766 551 2821 sunt
573 2754 789 2843 Athenienses)
818 2763 941 2821 καλοῦσι
970 2753 1127 2842 (similiter

109 2860 322 2937 Theopompus
346 2878 393 2936 ap.
412 2857 522 2918 Athen.
541 2859 586 2918 VI
608 2881 636 2936 p.
658 2852 738 2920 260b
761 2859 798 2919 de
821 2845 964 2935 Philippo
987 2858 1065 2919 dixit
1086 2849 1127 2938 ἦν

108 2951 196 3034 φύσει
224 2950 394 3037 βωμολόχος
493 2953 542 3016 uel
567 2957 679 3036 χαίρων
776 2960 836 3017 τῶν
863 2948 1038 3035 ἀνθρώπων
1065 2959 1127 3028 τοῖς

109 3048 233 3133 εὐφυέσι
251 3050 444 3134 καλουμένοις
462 3048 512 3113 καὶ
530 3058 591 3126 τοῖς
607 3048 643 3114 τὰ
661 3048 761 3134 γέλοια
778 3049 896 3133 λέγουσι
912 3048 963 3111 ναὶ
980 3043 1128 3134 ποιοῦσι).

108 3154 204 3214 talem
221 3153 317 3232 igitur
335 3171 470 3214 scurram
489 3171 520 3211 se
539 3152 728 3229 praestitisse
750 3169 820 3210 cum
838 3149 958 3210 Timoni
981 3150 1067 3209 visus
1086 3150 1129 3209 sit

109 3252 314 3329 Antisthenes
338 3251 425 3311 audit
449 3251 477 3309 ei
499 3244 687 3328 τιαντοφυής,
711 3249 793 3327 quod
816 3250 908 3309 etiam
931 3247 1037 3324 paullo
1056 3247 1128 3324 plus

108 3350 192 3409 valet
211 3367 303 3426 quam
316 3342 444 3426 εὐφυής.
477 3351 612 3408 ceterum
630 3347 731 3423 ipsum
749 3345 932 3408 vocabulum
948 3339 1130 3423 παντοφυής

110 3449 268 3520 praeterea
290 3466 351 3507 non
373 3446 488 3524 legitur
509 3446 569 3505 nisi
593 3436 727 3525 (mutate
746 3434 982 3524 significatione)
1003 3439 1131 3520 Orphiei

105 3541 139 3599 in
157 3542 273 3602 Panem
295 3543 400 3622 hymni
419 3545 505 3604 r.10
528 3535 719 3620 παντοφυής,
742 3537 866 3621 γενέτωρ
889 3533 1018 3600 πάντων.

512 3663 728 3675 ——-—-
