2466 3832
496 151 718 214 „41-

100 317 221 394 posuit,
244 316 322 374 hanc
344 314 384 374 ad
406 313 594 392 sugillandos
617 313 753 373 homines
777 312 917 374 adhibuit
935 313 1062 373 Sotades
1084 313 1116 371 in

101 415 233 474 carmine
265 412 490 489 cinaedologico
518 409 560 483 εἰς
582 405 690 471 ‘'Ardov
717 402 884 488 κατάβασις·
904 401 957 490 (cf.
981 411 1064 471 Suid.
1087 432 1115 472 v.

99 503 273 592 torridus),
297 510 372 588 quin
394 509 468 586 ipsis
486 508 664 586 Byzantinis
687 525 723 567 ea
744 507 875 584 placuit,
897 509 1034 568 velutin
1052 507 1117 568 δια-

100 603 178 691 io'yp
197 610 320 692 νωιρικῷ
334 600 496 686 Ἐπιδημίᾳ
514 599 638 683 Matrica
660 601 693 664 ἐν
706 598 815 665 ‘'Ardov
838 595 885 685 (in
903 604 1048 683 Boisson,
1067 624 1115 665 ac.

102 706 155 768 Gr.
170 707 218 766 HI
234 725 264 782 p.
280 695 472 785 112-186)
495 703 558 763 acri
580 703 642 763 sale
665 702 852 763 dehioanhm
868 702 959 761 multi
977 700 1116 762 Manuelo

100 803 284 882 Palaeologo
316 802 498 878 imperatore
525 800 557 859 in
584 800 656 859 aula
684 799 800 860 Graeca
830 799 945 860 versati
972 798 1116 858 homines.

101 901 209 961 deindo
231 900 288 959 hac
306 899 374 976 ipsa
395 899 494 958 forma
514 897 635 956 irrideri
656 901 732 974 puto
755 897 963 975 philosophos3
986 899 1116 972 namque

10 1054 12 1061 ,
100 996 251 1058 eiusmodi
272 1000 410 1059 veterum
432 995 616 1072 sapientium
636 995 746 1055 itinera
764 989 915 1056 ἐκστατικά
938 998 968 1055 ot
986 993 1116 1055 visiones

101 1095 177 1173 fingi
203 1095 343 1156 solebant
368 1093 536 1170 praecipue·
558 1111 577 1151 a
598 1092 787 1169 philosophis
795 1085 833 1175 ¹),
862 1096 899 1152 ut
925 1070 1118 1170 Pythagorae

100 1187 262 1271 κατάβασις
293 1190 335 1264 εἰς
352 1184 461 1250 ’Ἅιδου
494 1190 531 1248 ab
559 1189 745 1267 Hieronymo
773 1190 890 1250 Rhodio
919 1189 1117 1267 peripatetico

103 1290 156 1366 qui
183 1309 254 1350 eum
282 1288 358 1349 facit
383 1291 557 1348 narrantem
584 1305 616 1347 se
643 1286 768 1351 Homeri
790 1286 974 1365 Hesiodique
1002 1287 1117 1346 animas

102 1387 323 1446 calumniarum
344 1387 377 1445 in
400 1385 471 1446 daos
494 1385 699 1445 coniecturum
720 1403 833 1462 poenas
857 1385 963 1444 dantes
986 1385 1019 1443 in
1040 1383 1117 1443 Orco

102 1476 257 1565 vidiss02).

173 1579 347 1640 Certissima
373 1599 444 1642 vero
477 1600 513 1639 ex
538 1579 613 1656 ipsis
640 1579 778 1656 reliquiis
801 1583 903 1657 petere
928 1579 1001 1638 iicet
1028 1597 1118 1655 argu·

101 1683 214 1755 menta,
235 1696 313 1756 quae
326 1697 406 1738 nunc
419 1698 479 1738 non
494 1677 653 1753 enarrabo,
671 1676 889 1754 intellegentur
904 1674 984 1735 enim
998 1675 1117 1751 clarius,

103 1778 128 1837 si
155 1780 255 1837 totam
282 1775 422 1836 carminis
449 1793 541 1853 quam
569 1775 668 1835 animo
701 1773 824 1850 concepi
855 1774 1019 1851 imaginem
1049 1790 1118 1849 pro·
1204 1781 1212 1792 ·

103 1893 240 1951 posuero.

168 1971 319 2030 Idunum
336 1973 439 2030 tamen
457 1969 562 2028 statim
581 1969 719 2046 adiciam,
737 1988 797 2028 non
816 1969 935 2028 obstare
959 1968 1031 2028 huic
1052 1987 1117 2026 sen-

103 2068 216 2128 tentiae
239 2072 411 2144 temporum
432 2066 599 2127 rationem·
626 2084 758 2144 namque
782 2085 885 2126 eorum
910 2065 964 2143 qui
985 2066 1017 2123 in
1041 2064 1117 2125 Orco

104 2164 332 2241 conspiciuntur
352 2164 602 2242 philosophorum
625 2162 824 2222 recentissimi
846 2166 1119 2222 commemorantur

102 2261 250 2340 Pyrrham,
269 2281 359 2339 quem
377 2263 461 2322 ultra
480 2262 597 2321 01.127
617 2260 713 2321 vitam
730 2259 852 2319 duxisse
870 2259 951 2318 credi
969 2251 1118 2340 nequit³),

104 2359 213 2437 Zenon,
237 2359 291 2436 qui
313 2362 452 2419 mortuus
471 2358 575 2418 estol.
598 2359 671 2434 128,
689 2360 710 2417 4
730 2381 773 2404 --
793 2359 858 2416 264
881 2375 907 2415 a.
927 2349 1038 2438 corf),
1061 2356 1118 2415 Ar·

103 2457 241 2536 cesilaus,
256 2457 310 2535 qui
323 2475 498 2533 supremum
512 2454 591 2515 diem
605 2453 682 2513 obiit
696 2453 849 2533 01.134,4
865 2478 907 2501 =
923 2455 985 2513 241
1003 2471 1029 2511 a.
1040 2452 1119 2530 Chr,

103 2552 233 2632 denique
263 2553 437 2631 Cleanthes,
470 2553 524 2631 qui
556 2552 594 2612 ol.
620 2554 692 2630 137,
718 2555 735 2612 1
761 2576 804 2600 ==
828 2570 855 2610 a.
879 2544 973 2630 232s1
999 2571 1026 2610 a.
1050 2549 1117 2611 Chr.

104 2641 188 2730 (vide
207 2669 299 2728 supra
316 2672 346 2728 p.
362 2642 428 2732 13).
459 2654 552 2728 atque
574 2649 705 2711 vidimus
728 2667 822 2726 supra
845 2640 880 2730 (1.
900 2640 938 2730 s.)
962 2648 1119 2709 Timonem

103 2747 197 2807 otiam
215 2747 331 2808 diutius
349 2747 469 2826 vixisse,
490 2765 589 2826 neque
611 2765 680 2807 raro
703 2747 785 2824 apud
800 2745 930 2807 Graecos
948 2748 999 2807 vel
1017 2750 1117 2807 aetate

104 2844 275 2923 gravissimi
287 2845 424 2906 homines
438 2848 579 2921 poemata
593 2845 742 2921 scriptave
757 2862 960 2922 composuere.
988 2862 1117 2923 namque

177 3060 203 3127 1)
227 3057 269 3113 cf.
287 3057 415 3125 Lobeck,
432 3057 569 3128 Aylaopt.
584 3075 615 3127 p.
636 3063 701 3125 9443
729 3056 764 3112 de
786 3055 940 3112 Democriti
963 3056 1034 3112 libro
1053 3054 1119 3124 περὶ

102 3137 160 3192 τῶν
179 3132 211 3193 ἒν
223 3132 317 3192 ’Ἅιδου
337 3134 372 3193 cf.
390 3135 498 3203 Hirzel,
521 3137 679 3192 Untcrcuch.
698 3136 711 3188 Ι
730 3154 756 3204 p.
778 3141 839 3192 13⁷.

176 3222 203 3286 2)
222 3215 264 3272 Cf.
278 3215 369 3272 laert
383 3215 466 3286 Diog.
476 3216 542 3270 VIII
552 3221 600 3284 213
618 3214 708 3269 Hiller
721 3214 752 3268 in
766 3214 873 3270 Satura
886 3213 1012 3282 Sauppio
1025 3213 1119 3267 oblata

103 3313 130 3366 p.
152 3301 203 3352 106
217 3313 259 3364 sq.
1022 3335 1025 3340 .

176 3378 203 3445 3)
223 3375 264 3432 cf.
283 3374 385 3444 Zeller,
400 3375 470 3445 pisci.
490 3373 540 3428 Gr.
558 3371 599 3428 III
618 3373 648 3427 1²
664 3391 692 3442 p.
711 3379 764 3429 440
783 3371 847 3428 adn
869 3379 892 3428 1.

176 3459 203 3525 4)
223 3454 264 3511 cf.
282 3456 381 3511 Rohde
404 3472 474 3510 mna.
498 3453 587 3508 Rhen.
611 3452 729 3507 XXXIII
750 3471 779 3522 p.
799 3456 864 3517 6823
892 3450 1029 3519 Gomperz
1051 3448 1119 3506 ibid

101 3533 221 3590 xxxlv
239 3552 267 3606 p.
288 3540 347 3590 roo.
405 3546 408 3553 ·
