2466 3832
457 115 676 179 -63,

31 298 33 302 ’
64 299 123 358 quo
153 279 234 356 apud
258 279 497 355 Theodoretum‚
522 276 575 337 (ir.
599 277 648 349 off.
674 294 732 336 οκκ.
754 277 801 335 ΠΙ
826 280 865 338 72
885 299 913 354 p.
934 280 990 356 49,
1011 269 1078 360 26),

62 377 116 437 ubi
139 377 246 436 traditi
269 380 340 436 sunt
363 394 434 435 sane
458 375 490 432 hi
513 375 572 435 duo
596 392 702 434 versus

127 484 190 551 ἀλλ’
216 489 248 551 οἱ
267 487 367 569 βροτοὶ
390 489 514 551 δοκοῦσι
535 493 700 569 γεννᾶσθαι
722 481 829 565 θεούς,

128 582 182 668 τὴν
206 585 349 666 σφετέρην
372 581 400 648 δ’
426 579 571 668 todire&
594 584 670 666 ἔχειν
693 580 802 665 φωνήν
824 607 853 646 τε
877 581 966 662 δέμας
987 605 1024 645 τε.

131 703 189 762 Sed
220 707 257 763 ut
284 707 387 779 aperte
415 703 512 762 dicam
537 701 617 779 quod
641 701 751 778 sentio,
783 702 873 777 plane
897 699 1079 759 abhorrete

63 805 173 860 natiue
192 801 372 877 antiquioris
390 817 514 877 poeseos
533 800 604 859 talis
623 803 789 858 metrorum
808 797 952 858 confusio.
985 796 1080 855 distat

64 898 142 957 enim
172 898 253 957 haud
280 898 419 974 paullum
447 897 528 975 quod
555 897 587 956 in
615 916 724 975 genere
746 914 871 973 poeseos
894 893 1078 954 ludibundae

63 994 268 1072 compluribus
309 994 489 1054 hexametris
518 992 721 1053 ,subiectus
764 998 811 1053 est
852 993 1003 1069 senariae,
1044 995 1080 1051 ut

63 1092 213 1168 Margitae
237 1091 392 1152 exordium
414 1091 471 1150 hoc
493 1090 566 1149 fuit:
1161 1081 1163 1086 ’

177 1195 251 1285 ἦλθέ
273 1229 317 1279 τις
339 1205 381 1279 εἰς
404 1209 573 1283 Κολοφῶνα
595 1203 689 1287 γέρων
712 1204 761 1266 καὶ
783 1207 866 1279 θεῖος
888 1200 1004 1282 ἀοιδός,

177 1298 335 1365 Μουσάων
357 1297 501 1384 θεράπων
523 1299 573 1362 καὶ
595 1297 739 1382 ἑκηβόλον
758 1297 943 1375 ’Λπόλλωνος
950 1345 960 1380 ,

268 1399 356 1482 φίλης
379 1397 454 1479 ἔχων
477 1396 510 1459 ἕν
532 1396 631 1478 χερσὶν
654 1395 828 1479 εὔφθογγον
849 1393 956 1478 λύρην,

65 1520 96 1576 et
127 1519 259 1575 testatur
290 1515 405 1574 Marius
436 1513 626 1592 Victorinus,
659 1518 713 1574 ert.
741 1532 864 1588 ρκοκκκτ.
893 1514 940 1572 ΠΙ
962 1535 991 1591 p.
1017 1515 1079 1574 133

64 1613 142 1673 Keil.
166 1614 277 1673 duobus
297 1613 469 1686 pluribusve
495 1613 667 1672 tecometrts
695 1614 862 1686 antepositis
883 1604 929 1684 (ia
946 1613 1082 1687 Morye'tc

61 1710 225 1791 Homerus)
257 1713 345 1770 κὀίκτκ
373 1708 548 1784 (senarium)
575 1711 718 1770 audiuere
745 1710 895 1783 copularit.
943 1709 1083 1768 similitor

65 1807 142 1867 dixit
170 1807 339 1867 Carneades
371 1807 403 1865 in
430 1807 597 1866 Mentorem
629 1806 811 1883 discipulum
839 1808 956 1886 inpium
986 1800 1081 1889 (apud

65 1905 165 1967 Laert.
187 1906 276 1985 Diog.
300 1905 344 1964 IV
371 1897 427 1986 63)

179 2021 320 2081 πωλεῖταί
339 2042 381 2091 τις
404 2018 491 2096 δεῦρο
514 2014 609 2099 γέρων
631 2012 714 2091 ἅλιος
736 2012 895 2097 νημερτής,

178 2113 313 2194 Μέντορι
336 2110 487 2194 εἰδόμενος
509 2109 585 2193 ἡμὲν
608 2112 698 2193 δέμας
720 2109 775 2193 ἠδὲ
796 2113 846 2174 καὶ
868 2107 978 2193 αὐδήν·

271 2215 375 2274 τοῦτον
397 2214 503 2290 σχολῆς
523 2205 607 2289 τῆσδ’
633 2208 847 2293 ἐκκεκηρῦχθαι
870 2208 952 2291 λέγω.

69 2327 130 2386 alia
149 2329 285 2405 exempla
303 2346 363 2387 non
380 2345 504 2404 prorsus
523 2328 610 2405 paria
629 2332 763 2388 attamen
782 2329 813 2387 in
828 2326 1084 2405 comparationem

66 2424 202 2486 vocanda
224 2424 316 2484 hebes
339 2425 371 2483 in
393 2423 549 2484 Eiresione
572 2424 697 2484 Homeri
719 2427 768 2486 vel
795 2427 827 2484 in
856 2424 1083 2503 epigrammatis

66 2543 94 2582 n.
120 2523 185 2583 450
208 2525 239 2581 et
262 2523 325 2582 588
349 2521 490 2581 Kaibelii.

135 2618 193 2680 Sed
217 2619 349 2703 senarios
370 2619 552 2681 hexametris
577 2619 640 2679 sine
663 2621 718 2679 illa
739 2620 857 2680 ratione
880 2621 1084 2698 interpositos,

66 2735 158 2795 quam
181 2716 301 2793 egregie
325 2717 483 2795 descripsit
500 2717 677 2779 Welokerus
701 2709 767 2798 (der
788 2717 975 2778 Homertsche
997 2717 1084 2777 Mar-

64 2817 136 2889 yitcs
154 2833 229 2873 mue.
249 2812 341 2872 Rhen.
358 2814 402 2872 XI
419 2835 448 2890 p.
464 2814 528 2875 505
609 2814 661 2875 Kc.
674 2811 755 2874 Scir.
769 2813 813 2872 IV
827 2834 855 2890 p.
871 2806 938 2896 33),
957 2815 1083 2891 antiquo

65 2916 175 2990 poetae
203 2929 222 2970 a
249 2911 335 2970 euius
363 2912 515 2988 gravitate
542 2911 675 2987 pusillus
701 2911 787 2970 lusus
815 2927 939 2986 prorsus
967 2911 1085 2971 alienus

67 3015 114 3070 est
141 3009 225 3068 nefas
251 3026 307 3087 ego
335 3006 412 3067 duoo
436 3007 611 3067 attribuere.
663 3007 780 3066 accedit
807 3006 887 3083 quod
916 3009 1085 3086 complures

68 3107 226 3167 continuos
259 3105 448 3189 hexametros
481 3104 617 3165 videmus
650 3104 739 3163 certis
772 3105 959 3180 argumentis
987 3106 1085 3164 Xeno-

67 3205 175 3280 phanis
209 3203 286 3263 sillis
318 3202 474 3281 adsignari
502 3218 603 3279 posse,
636 3200 771 3277 singulos
795 3217 915 3276 quoque
939 3200 1086 3278 quosdam

69 3300 189 3360 disertis
213 3299 403 3378 testimoniis,
427 3298 480 3360 sed
503 3299 627 3358 unicum
649 3295 726 3356 illud
745 3314 804 3372 quo
823 3296 908 3354 nisus
927 3301 973 3357 est
990 3296 1085 3355 Wila·

141 3487 170 3556 1)
189 3483 242 3558 τὴν
260 3487 399 3559 σφετέρην
422 3483 532 3557 ἐσθῆτά
552 3481 623 3558 (τ’)
643 3483 718 3556 ἔχειν
739 3480 901 3538 Karsteniua
920 3501 949 3555 px
968 3490 1016 3540 tt.
