2466 3832
106 77 155 117 εκ.
170 78 345 122 ωτι-τωο
490 91 532 100 -
580 54 643 118 1·79
690 91 732 99 -

563 303 665 364 LVIII

151 420 375 509 γραμματική,
397 423 456 507 τής
479 418 521 488 οὔ
544 445 594 500 τις
616 418 789 507 ἀνασκοπή
814 416 889 488 οὐδ’
915 418 1105 510 άνάδρησις

153 522 254 613 ἀνδρὶ
278 526 508 616 διδασκομένη)
535 522 713 593 Φοινικικὰ
737 524 867 612 σήματα
890 526 1045 613 Κάδμου.

176 745 262 788 υτον.
283 728 553 805 SextusEmpIr.
565 728 631 789 adv.
641 729 932 805 mathem.152sqq.
943 721 1056 790 οὐκοῦν
1065 732 1125 789 τῶν

108 819 333 904 χρησιμωτάτων
351 818 370 903 ή
388 820 616 906 γραμματιστική
639 817 732 907 (quae
753 827 785 886 in
803 826 977 886 litterarum
995 827 1124 885 elemen-

107 923 149 982 tis
171 915 428 1005 versatur).
457 922 550 985 καίτοι
580 917 664 996 δόξαι
686 919 724 984 άν
746 941 821 984 τισιν
844 921 892 983 ἐπὶ
914 925 967 1001 τής
989 920 1124 996 ἐναντίας

109 1013 186 1081 εἶναι
212 1015 391 1099 προλήψεως
413 1013 429 1081 ὁ
452 1013 608 1100 προφήτης
631 1023 691 1080 τῶν
713 1015 879 1100 Πύρρωνος
901 1015 999 1101 λόγων
1024 1020 1125 1099 Τίμων

108 1113 142 1176 ἐν
161 1109 206 1190 οἷς
220 1131 308 1196 φησι·
333 1111 537 1197 «γραμματική
555 1149 592 1158 -
610 1112 767 1197 Κάδμου».
801 1110 837 1179 οὗ
856 1112 917 1197 μήν
935 1112 1029 1191 οὕτως
1048 1116 1125 1197 ἔχειν

109 1214 253 1291 φαίνεται.
298 1207 331 1276 τὸ
359 1209 415 1294 γάρ
438 1207 490 1275 ὑπ’
517 1208 609 1275 αὐτοῦ
636 1206 795 1294 λεγόμενον
823 1208 879 1276 οὖν
906 1213 964 1274 έστι
990 1218 1126 1276 τοιοῦτον

109 1305 175 1370 κατ’
206 1305 298 1388 αὐτῆς
324 1313 376 1388 τῆς
402 1313 661 1391 γραμματιστικής,
693 1305 765 1371 καθ’
794 1304 836 1389 ήν
863 1304 1062 1371 “διδάσκεται’
1090 1305 1125 1371 τὰ

110 1401 279 1469 “Φοινικικδι
293 1401 407 1486 σήματα
422 1401 574 1485 Κάδμου’,
591 1401 623 1468 τδ
643 1400 778 1485 ὀὐδεμία
791 1404 869 1467 ἐστίν
882 1400 1036 1486 άνασκοπή
1054 1401 1122 1470 οὔδ’

110 1497 294 1583 άνάθρησις’
312 1546 407 1565 .....
425 1497 499 1564 άλλδι
517 1507 627 1583 μᾶλλον
645 1498 759 1564 τοιοῦτό
770 1518 864 1582 φησι·
889 1498 1073 1584 ’διδαχθέντι
1090 1500 1126 1566 τά

112 1593 269 1662 Φοινικικὰ
292 1593 406 1680 σήματα
429 1592 558 1678 Κάδμου
582 1594 722 1679 οὐδεμιᾶς
745 1596 834 1679 άλλης
856 1596 937 1679 παρά
960 1595 1045 1664 τοῦτό
1068 1601 1127 1663 ἐστι

111 1701 311 1779 γραμματικῆς
333 1693 522 1779 ἐπιστροφή,
545 1692 617 1777 ὅπερ
640 1697 831 1779 καταστρέφει
849 1693 904 1762 οὐκ
923 1699 964 1773 εἰς
981 1694 1013 1762 τὸ
1037 1694 1127 1779 άχρη-

111 1801 189 1857 στεῖν
211 1789 321 1875 ταύτην
343 1790 399 1876 τήν
421 1795 454 1859 έν
476 1802 537 1870 τοῖς
560 1795 711 1874 στοιχείοις
732 1795 783 1858 καί
804 1800 844 1882 τῷ
869 1791 908 1857 δι’
934 1792 1032 1859 αὐτῶν
1054 1791 1127 1879 γρά-

110 1914 181 1970 φειν
203 1915 232 1954 τε
255 1891 305 1954 καί
328 1887 543 1977 άναγινάσκειν
570 1891 783 1973 θεωρουμένην
807 1880 880 1954 άλίδι
902 1889 957 1975 τήν
979 1893 1126 1975 νέρτερον

110 1989 160 2050 καὶ
177 1990 407 2072 περιεργοτέραν.
443 1986 462 2072 ή
483 1989 537 2071 μέν
554 1985 610 2072 γάρ
628 1993 688 2051 τῶν
707 1991 857 2069 στοιχείων
880 1993 982 2071 χρῆσις
1003 1985 1125 2071 ήπειγεν

111 2085 152 2158 είς
175 2080 231 2164 τήν
253 2092 305 2150 τοῦ
328 2089 397 2166 βίον
417 2083 613 2169 διεξαγωγήν,
635 2081 667 2149 τὸ
687 2083 720 2147 δέ
738 2081 778 2166 μή
798 2081 955 2166 ἀρκεῖσθαι
972 2091 1007 2169 τῇ
1026 2085 1058 2147 ἐκ
1076 2091 1128 2166 τής

110 2179 341 2263 παρατηρήσεως
367 2180 479 2247 τούτων
506 2178 682 2263 παραδόσει,
710 2177 989 2262 προσεπιδεικνάναι
1012 2180 1060 2260 δέ,
1088 2177 1129 2257 ὡς

110 2273 180 2339 τάδε
199 2277 253 2358 μέν
271 2278 331 2340 ἐστι
348 2275 507 2358 φωνάεντα
524 2284 558 2363 τῇ
575 2274 674 2357 φάσει,
692 2273 761 2340 τάδε
780 2277 813 2340 δέ
828 2275 986 2358 σάμφωνα,
1004 2278 1055 2341 καί
1067 2283 1127 2342 τῶν

112 2374 293 2452 φωναέντων
310 2371 345 2438 τά
364 2374 418 2457 μέν
432 2372 520 2456 φύσει
534 2374 659 2458 βραχέα,
676 2370 711 2436 τά
731 2373 763 2437 δέ
777 2372 890 2456 μακρά,
908 2371 943 2438 τά
958 2374 991 2438 δέ
1005 2378 1127 2459 δίχρονα

111 2470 162 2532 καί
178 2469 265 2536 κοινὰ
284 2469 398 2554 μήκους
415 2496 445 2537 τε
462 2473 514 2536 καί
532 2478 673 2554 συστολῆς
690 2472 741 2535 καί
759 2469 894 2537 καθόλου
908 2469 943 2536 τά
957 2469 1046 2537 λοιπά
1059 2473 1127 2554 περί

113 2559 156 2630 ὧν
183 2569 215 2632 οί
239 2569 438 2651 τετυφωμένοι
471 2575 530 2633 τῶν
563 2575 770 2652 γραμματικῶν
798 2566 989 2634 διδάσκουσιν
1021 2565 1128 2656 (deest

609 2675 623 2688 Ν

640 2718 646 2729 ο

114 2669 243 2748 aliquid,
266 2671 353 2732 velut
374 2675 459 2734 τοῦτο
482 2662 638 2753 άχρηστει)

183 2820 209 2857 v.
230 2810 244 2858 1
263 2805 314 2874 τῆς
332 2821 386 2860 om.
407 2804 427 2859 G

203 3008 297 3050 οοωω.
332 2990 391 3060 Qui
418 2990 591 3051 litterarum
620 2991 769 3050 elementa
793 2988 911 3069 didicit,
941 2988 1018 3047 nihil
1041 2991 1130 3048 curat

113 3088 344 3164 grammaticam
369 3089 456 3147 illam
483 3089 662 3165 doctrinam,
697 3086 728 3144 in
762 3106 822 3165 qua
850 3085 1013 3146 excolenda
1038 3083 1131 3144 mulii

112 3185 238 3246 fuerunt
261 3186 349 3247 stoici
372 3186 533 3265 insigniter
555 3204 591 3244 ea
610 3173 757 3262 opera'de
777 3184 903 3244 scientia
925 3182 1131 3260 promovenda

113 3283 226 3360 meriti,
250 3283 303 3343 sed
327 3283 452 3344 Timone
476 3282 575 3343 iudice
598 3282 675 3341 nihil
698 3287 831 3359 agentes.
