2466 3832
522 129 742 196 ...54-

127 295 227 356 Rhoso
251 293 387 354 Cretensi
411 298 538 354 exeunte
562 295 682 354 saeculo
705 294 770 372 XV,
795 295 999 356 Laurentiano
1024 296 1052 358 G
1075 303 1141 359 tam

128 390 235 450 similis
258 394 295 450 ut
316 396 449 470 nequeat
472 392 553 452 orodi
575 411 635 451 non
659 411 695 451 ex
718 411 753 452 eo
776 393 910 469 fluxisee3
933 393 1141 472 Angelioanue

127 507 203 548 saec.
222 482 327 570 XV11)
347 489 485 567 chartae,
509 489 562 567 qui
581 508 649 548 oum
669 489 806 550 Parisino
825 491 854 549 P
868 482 1088 572 (Laurentiano
1108 495 1146 552 H

126 589 158 645 et
171 587 324 647 Marciano
340 589 404 647 394
424 606 460 646 ex
479 588 532 648 illo
551 580 723 669 descriptis)
743 587 864 647 exhibet
880 587 1044 648 stoicorum
1058 593 1140 649 eata·

126 684 231 761 logum
249 704 268 744 a
286 685 377 746 Rosio
395 683 497 744 Herm.
516 685 532 744 Ι
550 706 579 762 p.
595 687 657 746 369
674 704 718 762 sq.
741 685 869 763 editum,
893 686 946 745 sed
963 690 1000 745 ut
1018 687 1142 748 videtur

126 781 294 858 descriptus
319 800 355 840 ex
376 781 581 843 Laurentiano
600 783 640 841 Η.

192 879 334 940 Ceterum
365 880 512 941 bonorum
544 879 681 940 oodioum
712 880 767 939 hoo
796 884 923 939 stemma
952 880 1041 942 oredo
1069 899 1140 941 oon·
1216 953 1220 961 Ι

126 976 213 1035 stitui
236 995 338 1053 posse:

187 2847 326 2924 Denique
354 2848 385 2907 in
412 2850 601 2910 recensendis
624 2851 776 2911 Eusebii
795 2868 901 2926 praep.
924 2867 1023 2926 wana.
1046 2847 1135 2909 libris

121 2943 193 3002 XIV
212 2948 243 3004 et
260 2945 325 3024 XV,
350 2949 403 3025 qui
425 2949 483 3009 soli
502 2941 636 3009 Timonis
660 2948 808 3025 quaedam
830 2948 1002 3026 fragmenta
1024 2964 1135 3022 suppe-

120 3040 232 3119 ditant,
252 3041 531 3106 Gaisfordianorurn
550 3046 685 3107 oodioum
703 3047 793 3123 longe
814 3046 980 3122 plurimum
998 3035 1136 3126 valent¹)

194 3270 220 3337 1)
236 3267 429 3339 Subscriptum
444 3272 488 3323 est
500 3269 631 3337 λαερτίου
646 3266 792 3338 ἃιογένους
804 3266 870 3336 περὶ
884 3267 953 3339 βίων
967 3260 1136 3335 φιλοσόφων

119 3343 205 3409 τέλος.
234 3340 268 3401 ὃν
282 3343 398 3417 ἰοᾶννης
410 3350 549 3404 πουκίνου
565 3344 597 3404 ἐκ
613 3347 781 3418 Φλορεντίας
794 3346 934 3416 γέγραφα
953 3347 1137 3400 Aaronom:

115 3420 147 3478 Ὁ
165 3422 352 3483 ΑἸΓῙΔΙΟΣ
368 3431 582 3484 ΕΚΕΛΕῬΣΕ.

192 3509 220 3575 2)
240 3505 279 3561 Of.
293 3507 441 3578 Manium,
458 3509 582 3581 Doroqr.
600 3526 629 3578 p.
645 3513 695 3564 158
710 3525 750 3578 sq.
764 3506 830 3575 poet
844 3504 876 3561 G.
888 3503 1045 3574 Wolffium,
1064 3503 1134 3559 Din-
