2466 3832
122 164 171 206 αα.
186 165 257 207 xxv.
272 166 346 208 xxvr
512 179 554 188 —
603 143 665 207 131
717 180 752 188 -

123 297 228 365 αὐτοῦ·
257 308 397 367 «πολλῶν
416 337 457 346 -
482 299 676 383 ἐδιδάχθης».
712 305 974 385 Prolegomena
997 307 1138 366 Platon,

119 405 228 483 philea.
250 406 268 464 5
292 395 334 483 (p.
355 406 417 463 201
439 393 558 483 Herm.)
582 395 634 462 τὸν
655 401 780 479 Τίμαιον
803 397 873 462 ἑπτά
891 396 1042 482 ἀργυρίων
1061 397 1138 481 ὠνη-

121 495 248 579 σάμενος
271 493 330 560 άπὸ
353 501 412 559 τῶν
433 497 655 579 Πυθαγορείων
677 492 752 559 κατὰ
774 497 896 577 μίμησιν
919 493 1010 561 αὐτοῦ
1028 499 1139 579 ἔγραψε

121 591 242 679 (Plato)
269 589 322 657 τὸν
350 591 506 677 διάλογον
538 589 613 657 ὅθεν
638 594 689 657 καὶ
717 591 837 674 φέρεταί
861 618 887 656 τι
914 593 985 668 ἔπος
1011 589 1137 658 τοιάνδε·

122 697 262 754 «πολλῶν
280 727 322 736 -—
347 688 542 773 ἐδιδάχθης».

193 864 220 900 v.
241 851 256 900 1
280 847 439 917 μαθητείης
459 845 546 901 Gellii
569 845 630 900 cod.
648 844 739 901 Vatia.
760 851 844 913 3452,
868 844 980 900 Iambl:
1006 841 1140 916 μαθήιην

122 927 137 987 δ
157 932 265 989 Gellius
285 937 347 1005 eet,
366 931 516 1005 μαθητάος
535 925 568 989 εὖ
588 933 715 1005 Scaliger
733 934 769 989 ad
790 933 922 1004 stephan.
942 951 1018 1004 poes.
1038 932 1139 1003 philos.

91 1029 93 1032 ’
120 1040 148 1091 p.
159 1029 219 1091 217,
239 1022 416 1093 μαθητεύειν
429 1022 544 1078 Brunek
558 1025 568 1092 ΙΙ
580 1041 606 1077 v.
622 1027 638 1076 2
658 1017 686 1076 δ’
707 1037 761 1077 om.
774 1023 850 1078 Prol.
866 1024 871 1091 Ι
887 1017 1026 1092 ἠλλάξατο
1040 1021 1138 1076 Iambl.

121 1114 150 1166 et
168 1110 263 1180 schol,
282 1106 374 1180 ἤλαξα
390 1110 465 1166 Prol.
483 1114 488 1181 Ι
505 1111 613 1185 βίβλον]
629 1106 739 1180 μολπήν
754 1111 828 1166 Prol.
843 1112 853 1181 ΙΙ
866 1130 891 1166 u.
908 1117 924 1166 3
944 1105 1017 1166 ὅθεν
1032 1111 1139 1167 Gellius

122 1198 127 1270 l
143 1194 342 1270 ἀπαρχόμενος
356 1199 465 1256 Gellius
480 1195 669 1270 (παρχόμενος
683 1200 743 1256 εοδ.
757 1199 875 1268 Vatis.):
892 1194 1072 1271 ἀφορμηθεὶς
1087 1202 1139 1255 cet.

122 1286 126 1357 l
146 1284 270 1358 γράφειν
289 1286 418 1359 Gellius!
439 1285 598 1358 ἐδιδάχθης
616 1288 723 1344 Gellius
743 1283 915 1358 (ἐδιδάχθην
935 1288 1052 1355 Vatis.):
1077 1284 1139 1344 ἔπε-

120 1378 207 1446 χείρει
234 1377 321 1433 ceteri
348 1380 460 1446 praeter
478 1377 609 1433 Proclum
636 1375 676 1444 (in
701 1392 756 1444 quo
788 1370 951 1446 ἐπιχειρεῦς
985 1374 1140 1446 ἐπεχείρεις

120 1464 319 1520 Westermann
336 1465 426 1534 biogr.
445 1484 473 1534 p.
493 1472 554 1520 394.

189 1677 285 1718 conn.
311 1657 427 1717 Gellius
450 1659 469 1716 l.
492 1677 514 1717 s.
535 1656 669 1717 Timonis
693 1675 798 1717 versus
821 1658 1040 1740 interpretetus
1063 1660 1140 1719 nihil

121 1757 180 1816 nisi
203 1750 327 1816 ‘librum
349 1756 569 1833 Pythagoricae
593 1749 782 1832 disciplinae'
806 1761 1029 1835 commemorat,
1058 1756 1140 1835 quod

105 1854 276 1931 ,ipsumex
295 1853 411 1913 Timaei
434 1854 549 1931 dialogi
571 1858 682 1915 natura
705 1853 812 1913 debuit
835 1854 940 1932 conici,
964 1854 1016 1914 sed
1036 1856 1141 1915 eodem

120 1953 186 2012 iure
203 1952 244 2011 ad
261 1952 463 2030 Ecphantum,
487 1952 655 2029 Archytam
673 1952 749 2012 alios
769 1955 906 2028 spectare
924 1956 1027 2029 potest
1046 1958 1139 2031 atque

120 2052 159 2110 ad
172 2051 353 2117 Philolaum.
389 2050 475 2110 cuius
495 2051 725 2109 commentarios
740 2050 901 2109 Platonem
914 2052 1060 2109 nanctum
1074 2069 1139 2109 esse

120 2148 211 2207 multi
239 2147 361 2223 quidem
388 2148 468 2205 inter
494 2149 612 2207 veteres
639 2147 844 2222 tradiderunt,
874 2147 1029 2205 Neanthes
1058 2147 1140 2223 apud

120 2243 220 2303 Laert.
243 2244 320 2302 VIII
341 2245 392 2320 55,
417 2243 546 2319 Satyrus
570 2243 652 2319 apud
675 2244 803 2302 eundem
827 2243 923 2320 1119,
946 2242 1022 2313 VIII
1045 2244 1083 2302 15
1109 2247 1141 2304 et

121 2342 177 2417 84,
206 2341 329 2418 quidam
357 2341 439 2415 apud
463 2341 591 2399 eundem
613 2339 689 2398 VIII
713 2342 768 2420 85,
797 2339 900 2400 Gicero
925 2339 962 2399 de
984 2340 1100 2416 republ.
1123 2340 1140 2399 I

123 2440 173 2515 10,
199 2440 249 2516 16,
274 2437 391 2497 Gellius
414 2441 492 2498 noct.
517 2437 580 2496 Att.
605 2437 651 2495 III
675 2441 724 2514 17,
750 2442 766 2495 1
794 2441 825 2496 ct
849 2436 1061 2514 231amblich.
1085 2437 1138 2496 vit.

120 2535 249 2613 Pythag.
275 2537 326 2613 31,
352 2539 428 2612 1993
462 2535 517 2594 alii
540 2535 637 2595 aliter.
677 2554 764 2595 nemo
793 2539 895 2594 temen
918 2537 1041 2612 praeter
1063 2534 1138 2592 Her·

119 2634 256 2710 mippum
285 2625 382 2714 (apud
409 2634 508 2694 Laert.
532 2633 608 2691 VIII
637 2635 678 2691 25
703 2659 745 2680 =
768 2633 887 2693 Mdller.
911 2634 969 2711 frg.
993 2633 1063 2693 hist.
1089 2631 1138 2691 Gr.

119 2731 168 2790 ΠΙ
188 2752 218 2807 p.
237 2733 279 2789 42
299 2731 335 2789 fr.
356 2724 414 2814 25)
438 2732 491 2808 qui
515 2731 636 2808 quidem
659 2730 792 2791 affirmat
815 2732 846 2790 id
869 2731 968 2791 dicere
991 2723 1057 2790 τινὰ
1080 2732 1139 2790 τῶν

120 2823 331 2907 συγγραφέων,
365 2832 396 2889 et
429 2830 554 2888 Tzetzen
586 2821 670 2910 (ehil.
697 2830 725 2887 X
755 2831 818 2889 792
843 2848 920 2907 sqq.;
952 2829 996 2888 XI
1022 2832 1038 2887 1
1065 2847 1138 2905 sqq,

122 2928 163 2986 38
187 2918 266 3007 sqq.)
294 2927 363 2985 inde
392 2926 473 2985 idem
500 2926 600 2986 effecit
622 2930 714 3003 atque
739 2926 861 3004 Timon,
890 2946 926 2985 ex
953 2926 1000 2984 his
1029 2926 1138 3002 emptis

120 3023 343 3084 commentariis
367 3022 526 3083 Platonem
547 3023 772 3100 transcripsisse
793 3023 951 3082 Timaeum
973 3023 1137 3101 dialogum.

120 3122 228 3200 quodsi
255 3125 337 3180 recte
366 3120 405 3180 ad
432 3121 468 3179 fr.
492 3119 608 3178 XXVII
635 3120 749 3179 conieci
774 3121 900 3181 Tnetzen
927 3121 1001 3179 haec
1034 3136 1138 3195 quam-

121 3240 213 3298 quam
237 3221 302 3296 ipse
327 3220 476 3296 quaedam
499 3219 695 3295 neglegenter
718 3219 855 3277 confudit
878 3239 914 3278 ex
938 3217 1065 3276 Timone
1087 3233 1138 3291 pe-

119 3318 217 3396 tiisse,
242 3318 347 3397 quaeri
369 3319 471 3394 potest
493 3335 567 3374 num
585 3314 770 3392 Hermippus
794 3317 880 3376 illam
902 3314 1079 3374 memoriam
1103 3331 1139 3370 ex

120 3417 184 3477 ullo
212 3417 272 3475 alio
302 3415 447 3492 scriptore
477 3417 570 3490 atque
598 3433 634 3473 ex
662 3416 755 3490 poeta
783 3412 969 3492 sillographo
993 3407 1138 3469 hauserit.

120 3529 175 3570 nee
207 3516 290 3572 astes
317 3511 478 3588 Hermippi
510 3513 590 3572 certe
622 3529 677 3573 nec
710 3510 774 3572 eius
808 3513 881 3574 satis
914 3513 987 3569 nota
1021 3500 1139 3583 άπρισίοι

396 3628 398 3633 .
947 3605 988 3658 qll-
