2466 3832
503 205 545 215 -
593 170 657 235 136
703 205 744 216 -
1001 193 1131 237 umoris

116 329 180 408 ’Τίς
202 327 259 416 γὰρ
280 327 393 411 αὐτῶν,
417 332 494 412 φησί
514 326 564 415 (fr.
582 335 643 394 111
659 334 786 413 Bywat.,
804 337 842 393 71
861 326 998 418 Scilla),
1022 327 1095 407 νόος
1112 327 1132 412 ἢ

115 426 198 512 φρὴν
208 426 327 510 δήμωνς
342 425 471 493 ἆοιδοῖσι
480 431 633 492 aridumue
646 423 704 513 (sio
710 452 765 509 pro
777 431 881 505 αἰδοῦς
889 425 1037 510 ἠπιόωντε
1044 433 1131 492 Diels

115 531 148 590 in
167 523 290 592 ‘Jencer
303 531 373 591 Lite.
388 522 472 590 Zeu?
489 531 573 590 1877
589 550 617 607 p.
636 522 714 611 394)
733 526 782 590 καὶ
802 520 970 610 διδασκάλῳ
989 526 1133 610 χρέωνται

117 621 173 710 (ut
194 629 344 707 Bemays‚
371 627 545 688 Heraclitea
574 648 603 704 p.
628 629 669 687 34
699 626 760 703 [--
781 646 839 704 pes.
862 627 936 689 Aoo.
960 628 976 686 I
997 649 1027 706 p.
1053 621 1132 710 32])

118 721 219 812 ὁμίλῳ,
243 721 298 789 οὔκ
316 719 424 797 εἰδότες
442 719 487 785 ὅτι
503 721 607 785 πολλοὶ
628 722 714 786 κακοὶ
738 718 829 805 iton
850 721 883 786 δὲ
901 719 1039 805 ἆγαθοί’.
1075 748 1133 787 τοι·

117 827 191 886 οὗτοι
211 820 265 904 μὲν
283 817 299 886 ὁ
313 816 513 898 Ἡράκλειτος·
533 815 580 882 διὸ
594 820 645 881 καὶ
659 815 675 883 ὁ
690 816 886 903 οιλλογροὶφος
901 816 1133 904 ‘dxioioldopov'

117 916 208 983 αὑτὸν
229 912 448 1003 (Heraclitum)
472 913 659 980 ἆπεκοὶλεσεν.

190 1091 214 1128 v.
235 1080 249 1126 1
279 1066 306 1125 δ’
333 1067 540 1140 ἔπικοκκαστὴς
566 1071 623 1141 (vel
646 1067 844 1142 ἔπικηκαστὴς)
868 1072 970 1127 Nauck
987 1071 1133 1143 Aristoph.

118 1160 182 1228 Byr.
197 1176 224 1230 p.
238 1165 305 1215 202:
325 1155 353 1214 δ’
371 1157 414 1214 ἔνι
432 1155 588 1228 κοκκυστής
605 1160 674 1231 PQ,
694 1157 723 1214 δ’
740 1158 783 1215 ἔοι
802 1156 966 1230 concordie
979 1161 1018 1228 Η,
1038 1157 1067 1216 δ’
1088 1157 1134 1217 ἔοι

118 1244 273 1318 κοκοῦοτης
292 1249 333 1318 Β,
361 1245 394 1303 δὲ
417 1242 622 1317 vincentianis
641 1246 681 1316 F,
710 1246 742 1302 δὲ
761 1247 791 1301 οὶ
809 1249 966 1311 κοκκίστοις
985 1249 1018 1320 G,
1038 1247 1067 1303 δ’
1089 1247 1134 1305 ἔτι

119 1336 283 1401 κοκκυστοὶς
296 1337 332 1406 A,
352 1332 380 1392 d’
399 1335 443 1392 ἔοι
460 1331 602 1405 κοκηστής
615 1337 641 1404 f;
660 1334 708 1391 ἔπι
726 1334 881 1407 κοκκυστὴς
894 1337 1024 1394 Meineke
1042 1355 1132 1395 exerc.

117 1428 148 1481 in
165 1425 232 1482 Ath.
251 1427 264 1480 I
282 1446 309 1497 p.
330 1433 345 1482 7
366 1453 400 1472 =
418 1427 492 1481 anal.
510 1444 538 1496 p.
558 1427 620 1496 27)
647 1445 673 1481 v.
693 1432 709 1480 2
729 1422 864 1496 elenando
882 1427 908 1481 G
929 1429 934 1496 Ι
955 1423 1088 1497 ἐνόρουσε
1104 1429 1133 1484 Β

119 1511 163 1584 (ἐκ
180 1531 236 1570 reo.
255 1532 292 1570 m.
311 1515 341 1569 in
358 1532 412 1571 ras.
431 1516 495 1583 scr.)

187 1721 283 1762 conia
309 1695 471 1779 κοκκυστής
489 1706 570 1761 recte
589 1703 755 1760 formatum
774 1700 896 1779 quidem
913 1705 950 1760 ut
967 1695 1135 1780 κοκκοσμός

119 1798 151 1856 in
174 1799 237 1858 cod.
256 1798 442 1858 Baroociano
463 1799 640 1857 Nicomachi
663 1817 739 1861 mus.
761 1819 790 1875 p.
811 1800 862 1876 20,
886 1800 938 1859 sed
961 1799 1074 1860 dicitur
1095 1799 1132 1860 de

119 1913 191 1956 voce
212 1896 343 1954 humana
356 1895 446 1954 nimis
461 1898 552 1954 acuta
566 1887 618 1976 (cf.
633 1897 778 1974 Millerus‚
796 1897 942 1972 me'loopcs
954 1919 983 1975 p.
999 1900 1073 1976 428,
1089 1890 1134 1980 2),

120 1993 201 2069 quod
215 1993 254 2052 ad
267 1993 457 2052 Heraclitum
470 1993 570 2052 minus
586 1994 715 2070 quadrat
735 1986 828 2074 (male
842 1995 936 2056 vertit
951 1995 1133 2055 Sohusterus

120 2090 152 2148 in
174 2094 231 2150 act.
256 2110 313 2150 soc.
335 2091 545 2150 hirsehalm
566 2112 595 2168 p.
617 2094 679 2152 387
705 2085 905 2170 ‘Streilholm'‚
936 2111 1005 2152 oum
1027 2084 1136 2162 nonad-

121 2186 180 2257 ζειν
203 2191 302 2248 solum
325 2189 547 2267 gallicantum
570 2182 716 2271 denotet).
753 2191 805 2249 sed
828 2184 1008 2261 ἐπικοκκοὶζω
1032 2194 1080 2250 est
1102 2184 1135 2250 τὸ

120 2279 216 2360 acuto
240 2279 292 2367 (cf.
306 2288 444 2347 Millerus
465 2288 484 2345 l.
505 2280 542 2369 s.)
563 2291 593 2346 et
616 2292 784 2364 usurpatur
800 2281 884 2365 ὕβρει
908 2279 959 2369 (cf.
978 2288 1134 2366 Aristoph.

120 2381 192 2459 Byz.
215 2384 251 2441 fr.
269 2385 367 2443 XLVI
391 2404 438 2462 ap.
457 2384 574 2443 Nauck.
592 2406 621 2463 p.
643 2377 730 2466 201),
754 2386 841 2446 velut
858 2386 941 2445 Echo
965 2387 1047 2464 apud
1065 2387 1134 2446 Ari-

121 2481 300 2559 stophanem
318 2482 497 2560 Thesmoph.
520 2483 603 2542 1059
628 2486 755 2543 vocatur
778 2477 1010 2563 ἐπικοκκάστρια.
1033 2498 1036 2504 ’

141 2569 143 2574 ’
188 2577 498 2640 Vociferantemvero
511 2579 588 2637 facit
601 2579 791 2639 Heraclitum
805 2579 913 2640 Timon
926 2580 1037 2641 idcirco
1053 2583 1136 2660 quod
1169 2652 1171 2658 ¹

121 2674 183 2732 fuit
201 2667 412 2751 ὀχλολοίδορος.
449 2675 481 2733 id
504 2676 660 2752 epitheton
683 2679 704 2735 l.
722 2696 744 2735 s.
764 2696 786 2736 s.
810 2681 892 2738 recte
916 2679 1136 2756 interpretatus

121 2773 169 2828 est
182 2768 320 2847 Proclus;
339 2772 454 2848 pariter
470 2773 607 2849 appellat
621 2791 690 2831 eum
704 2773 908 2835 Theodoridas
923 2768 1020 2857 (anth.
1034 2777 1133 2836 Palat.

121 2865 182 2923 VII
197 2868 270 2944 479,
285 2859 319 2949 6)
334 2872 426 2928 θεῖον
443 2860 608 2946 dissipatio
626 2863 724 2946 δήμου
743 2915 771 2930 ..
791 2865 876 2931 κύνα.
909 2893 1006 2951 neque
1025 2874 1136 2933 desunt

83 3011 86 3017 .
122 2963 184 3023 alia
206 2964 389 3044 fragmenta,
413 2967 445 3025 in
469 2966 579 3044 quibus
598 2967 859 3028 vehementissime
878 2970 910 3028 in
929 2970 1137 3030 multitudinis

122 3061 276 3138 stupidam
303 3064 508 3143 ignorantiam
530 3065 727 3142 philosophus
755 3067 930 3129 invehatur:
963 3068 1000 3127 cf.
1023 3069 1081 3146 frg.
1104 3067 1137 3126 Π

125 3160 224 3239 -7Ι;
243 3160 310 3221 OXI
322 3163 553 3240 Bywaterianae
568 3164 754 3224 collectionis
774 3169 805 3225 et
818 3165 995 3243 Hippocret.
1014 3186 1044 3225 π.
1060 3163 1138 3225 διαί-

121 3279 173 3334 της
191 3260 207 3318 Ι
226 3279 249 3319 ο.
266 3263 306 3320 24
325 3283 354 3340 p.
373 3263 479 3340 67,18
494 3262 593 3339 Byw.;
615 3265 738 3338 praeter
760 3266 874 3323 ceteros
897 3282 969 3323 vero
988 3262 1137 3339 Ephesios

121 3353 272 3433 increpat,
309 3357 390 3435 quod
422 3357 644 3418 Hermodorum
679 3363 845 3438 tyrannum
877 3361 1061 3437 expulerint:
1099 3363 1137 3421 cf.

121 3451 179 3530 fig.
199 3452 294 3512 CXIV
315 3459 346 3514 et
369 3455 449 3515 CXV
469 3456 554 3533 Byw.
577 3458 706 3534 videque
725 3456 939 3535 Bernaysium‚
963 3457 1139 3518 Heraclitea

128 3568 150 3621 1.
167 3551 206 3609 31
218 3569 261 3627 sq.
277 3543 334 3631 (=
346 3552 489 3628 91111011.
503 3553 520 3611 I
532 3573 561 3628 p.
578 3545 686 3634 eosq.)
702 3558 733 3613 et
748 3554 945 3614 Sohusterum
959 3555 979 3612 l.
990 3572 1051 3631 sp.
1063 3556 1137 3615 388.
