2466 3832
533 161 753 226 ,34-

136 330 236 386 sectae
254 327 393 387 medicos.
420 327 525 404 itaque
543 326 693 402 scepticus
706 328 756 387 vel
769 328 929 404 empiricus
948 332 1042 392 fuerit
1054 332 1152 410 Apol-

135 416 292 507 lonidesl).
312 420 432 484 -sed
453 429 641 486 revertamur
663 425 702 483 ad
725 425 888 485 Timonem.

200 522 266 580 Iam
298 522 414 599 delapsi
446 539 550 582 sumus
582 522 621 580 ad
651 540 703 582 eos
735 522 896 599 scriptores
933 545 1063 602 quorum
1094 550 1152 606 per

133 620 226 680 libros
250 621 428 697 superstites
451 619 589 680 sillorum
610 620 756 696 reliquiae
780 625 932 698 quotquot
953 624 1016 684 fere
1040 630 1112 686 sunt
1120 620 1150 710 ²)

132 716 172 775 ad
194 735 248 777 nos
270 721 485 796 pervenerunt,
513 721 652 776 auctores
675 717 800 776 alterius
822 722 855 777 et
876 721 962 779 tertii
983 727 1054 798 post
1077 723 1147 784 Chr.

133 816 253 875 saeculi.
299 833 335 875 ac
356 816 488 892 primum
511 814 633 892 quidem
660 815 900 875 litteratissimus
927 822 1148 896 grammaticus
1182 851 1185 859 ·

130 911 341 973 Athenaeus
360 914 453 973 etiarn
472 913 556 972 sillos
573 903 757 992 lectitavit⁸)
779 915 810 971 et
828 915 984 993 excerpsit,
1004 922 1148 995 excerpta

130 1009 225 1070 doctis
248 1011 401 1087 Iuppiter!
431 1014 463 1070 et
488 1008 647 1069 laboriosis
678 1008 730 1068 sed
756 1010 953 1088 neglegenter
979 1015 1143 1076 admodum

128 1107 358 1167 conscribillatis
387 1108 450 1168 suis
472 1105 736 1184 Deipncsophistis
763 1107 891 1168 inseruit
913 1108 958 1169 ita
980 1115 1083 1172 tamen
1105 1120 1145 1175 ut

127 1223 188 1264 uno
212 1208 291 1264 certe
314 1203 381 1264 loco
405 1197 455 1286 (fr.
479 1196 537 1285 44)
561 1202 699 1264 convinci
724 1205 822 1281 possit
849 1224 996 1268 concnam
1023 1214 1144 1270 senten-

126 1300 239 1360 tiarum
258 1320 327 1362 eum
345 1304 485 1378 excerpta
502 1301 557 1359 illa
574 1306 738 1378 usurparet
756 1305 902 1363 memoria
919 1325 979 1366 non
997 1308 1141 1369 tenuisse.

125 1399 214 1476 longe
237 1418 309 1460 vero
332 1399 464 1476 plurima
491 1399 664 1477 fragmenta
689 1399 889 1461 innotuenmt
915 1423 970 1480 per
994 1406 1142 1482 scepticc—

124 1515 192 1555 rum
221 1516 356 1577 operam,
385 1498 532 1557 Sextum
554 1496 776 1573 Empiricum
804 1499 870 1559 dico
899 1504 929 1559 et
950 1501 1138 1562 Laertium

123 1593 329 1672 Diogenem.
376 1597 504 1673 quorum
527 1594 580 1653 ille
602 1595 684 1671 ipsos
707 1595 804 1674 sillos,
828 1597 946 1675 opinor,
969 1599 1057 1678 legit,
1088 1600 1140 1660 hic

123 1692 227 1770 aliqua
249 1712 285 1751 ex
307 1696 393 1769 parte
416 1691 564 1770 Antigoni
586 1689 718 1769 Carystii
740 1693 841 1768 copias
864 1688 1051 1776 expilavit4),
1075 1689 1141 1756 alia

121 1790 249 1848 fortasse
277 1808 313 1848 ex
340 1789 408 1849 aliis
435 1789 607 1866 praecipuis
638 1789 771 1849 vitarum
803 1807 926 1848 suarum
959 1792 1138 1853 auctoribus

120 1885 235 1963 hausit,
258 1885 311 1945 sed
329 1904 365 1944 ea
383 1905 461 1963 quae
479 1888 529 1947 vel
550 1887 638 1946 initio
661 1887 711 1947 vel
733 1884 789 1944 sub
808 1885 898 1944 finem
915 1886 997 1946 vitae
1016 1886 1136 1948 adicere

120 1983 197 2042 solet
219 2002 255 2042 ex
276 1982 459 2061 Apollonide
485 1984 629 2062 petiverit
652 1975 725 2064 (nisi
748 1982 905 2060 statueris,
930 1983 1136 2060 quodminus

117 2080 288 2158 probabile,
309 2081 410 2157 ipsum
433 2081 526 2141 etiam
547 2081 705 2141 Laertium
726 2081 811 2141 sillcs
838 2080 918 2141 inter
943 2101 1051 2142 manus
1077 2083 1134 2142 ha·

116 2170 241 2259 buisse).
277 2177 338 2236 iam
360 2197 433 2239 vero
456 2178 588 2255 sceptica
614 2178 806 2256 philosophia
825 2197 881 2255 per
898 2179 1131 2240 Aenesidemum

115 2273 294 2334 resuscitata
316 2275 432 2335 factum
455 2279 513 2353 est,
536 2279 573 2335 ut
594 2276 758 2336 acerrimus
777 2276 841 2336 eius
861 2277 1050 2338 adversarius
1069 2279 1132 2337 exi·

100 2362 208 2431 'steret
222 2372 427 2432 Aristocles
449 2373 678 2454 peripateticus,
703 2374 756 2452 qui
773 2375 909 2451 ipsorum
928 2376 1128 2452 scepticorum

114 2469 298 2546 compendiis
331 2470 512 2548 quibusdam
542 2489 616 2530 usus
624 2462 652 2552 5)
685 2471 724 2530 ad
756 2491 859 2532 eorum
886 2473 1000 2549 placita
1026 2474 1130 2550 profli-

186 2673 211 2740 1)
230 2673 330 2740 Neque
344 2673 387 2727 est
402 2688 450 2726 cur
464 2688 528 2726 cum
538 2672 756 2728 Wilamcwitzio
771 2677 936 2745 statuamus,
953 2678 1040 2732 verba
1053 2673 1126 2747 παρ’

110 2745 189 2818 ἡμῶν
213 2766 269 2803 non
293 2767 311 2804 a
329 2751 456 2818 Laertio,
482 2751 532 2805 sed
555 2751 713 2822 asceptico
737 2755 857 2822 quodam
880 2758 995 2813 auctore
1019 2757 1128 2827 scripta

110 2832 139 2884 et
156 2846 207 2899 per
225 2829 306 2884 illum
324 2832 431 2886 temere
448 2829 552 2885 iterata
567 2847 641 2886 esse:
660 2831 725 2887 vide
743 2850 826 2904 supra
844 2835 908 2890 adn.
928 2841 944 2890 5
963 2837 1000 2892 ad
1017 2855 1045 2906 p.
1061 2843 1084 2892 9.

180 2912 207 2979 3)
227 2909 344 2980 Singula
362 2911 500 2980 quaedam
519 2909 691 2982 fragmenta,
711 2929 784 2981 quae
803 2914 937 2971 exhibent
954 2915 1125 2971 Plutarchus

108 2992 156 3060 (2),
172 2987 295 3044 Galenus
311 2992 359 3060 (1),
375 2990 482 3047 Gellius
496 2991 545 3062 (1),
559 2990 713 3046 Numenius
728 3010 773 3063 ap.
786 2994 887 3051 Euseb.
903 2997 949 3066 (1),
965 2996 1014 3066 qui
1027 2995 1125 3052 hausit

107 3086 141 3125 ex
161 3069 305 3140 Antigono
324 3071 369 3140 (ef.
385 3070 617 3127 Wilamowitaius
635 3089 662 3142 p.
679 3077 749 3144 128),
769 3075 888 3143 denique
907 3074 1035 3130 Clemens
1054 3076 1123 3130 Ale-

104 3150 256 3206 xandrinus
279 3151 332 3222 (3),
351 3149 398 3205 hic
422 3151 536 3221 cmitt03
567 3167 639 3221 quae
661 3169 728 3208 vero
751 3153 887 3210 Eusebius
910 3152 940 3207 in
960 3170 1056 3222 praep.
1080 3171 1120 3207 eo.

103 3231 219 3301 profert,
239 3248 302 3286 cum
321 3230 509 3288 exNumenio
522 3236 584 3288 tum
598 3250 632 3288 ex
646 3231 783 3289 Aristocle
798 3235 827 3288 et
841 3234 984 3288 Clemente
1003 3234 1038 3286 ad
1058 3248 1122 3286 ver-

104 3311 169 3364 bum
190 3311 332 3381 descripta
351 3312 423 3368 sunt.

175 3393 202 3458 3)
222 3390 315 3446 Semel
333 3393 429 3447 tamen
448 3391 492 3460 (fr.
511 3397 557 3461 30)
577 3394 750 3463 Antigonum
768 3390 923 3461 descripsit.

174 3472 201 3530 4)
220 3468 261 3523 Cf.
281 3471 401 3527 indicem
420 3471 556 3542 Antigoni
574 3470 822 3528 Wilamowitaiani
839 3488 867 3539 p.
887 3474 947 3525 356.

173 3551 200 3618 b)
220 3547 261 3602 cf.
281 3548 513 3606 Wilamowitaius
532 3570 558 3621 p.
580 3556 638 3606 128.
