2466 3832
857 41 871 85 ι

518 143 737 208 ,56-

192 301 226 390 1)
251 307 359 368 Strabo
378 307 450 366 XIV
471 312 498 384 1,
519 310 560 368 28
583 328 612 384 p.
633 309 695 368 643
722 306 849 367 Oesaub.
873 301 979 385 ἄνδρες
1002 304 1138 386 ἐγένοντο

127 399 320 481 Κολοφώνιοι
337 407 397 464 τῶν
420 400 688 483 μνημονευομένων
711 450 718 464 .
737 448 745 463 .
764 450 771 464 .
791 449 798 463 .
817 398 993 481 Ξενοφάνης
1016 397 1033 466 ὃ
1052 421 1140 481 φυσι-

126 497 188 578 ιιός,
217 495 232 562 ὁ
260 496 329 573 τοὺς
357 502 473 574 σίλλους
499 497 626 579 ποιήσας
654 494 704 559 διὰ
727 496 906 579 ποιημάτων.
952 503 1025 562 haec
1047 502 1141 562 verba

124 603 189 659 tam
217 600 379 660 manifesta
406 603 478 659 sunt
505 603 542 658 ut
563 599 640 656 nihil
662 599 759 674 possit
782 616 881 674 supra.
927 599 1021 658 nihilo
1045 599 1141 659 setius

125 697 252 757 Paulius
275 718 304 773 p.
321 700 361 757 18
386 697 456 756 inde
479 700 692 774 argumentum
713 695 804 770 petiit
827 713 887 771 quo
910 695 997 753 nixus
1016 696 1103 755 sillos
1122 715 1142 755 a

126 795 309 872 Xenophane
333 794 460 871 scriptos
484 812 547 853 esse
565 796 700 870 negaret,
723 792 951 867 interpretatus:
969 785 1037 868 ‘qui
1056 793 1142 852 sillos
1166 791 1170 799 '

126 893 199 952 fecit
228 910 282 969 per
310 891 517 950 collectionem
545 891 711 950 carminum
739 882 879 966 sparscs’.
930 909 1022 966 quam
1048 890 1141 949 inter·

125 989 328 1066 pretationem
345 989 394 1048 vel
409 1006 475 1046 eam
489 988 527 1047 ob
542 1006 665 1046 causam
678 987 843 1046 rectissime
857 987 962 1046 reiecit
975 987 1142 1046 Welandus

125 1106 155 1162 p.
171 1088 221 1163 20,
245 1085 298 1161 qui
321 1085 441 1144 omuino
460 1084 693 1161 prudentissime
712 1085 748 1144 de
766 1087 822 1143 hac
842 1085 1018 1162 quaestione
1037 1085 1141 1161 dispu-

127 1181 214 1259 tavit,
238 1181 320 1258 quod
338 1182 364 1240 si
382 1182 455 1240 haec
474 1183 621 1243 voluisset
640 1181 748 1241 Strabo
767 1182 873 1258 dicere⁷
895 1199 1015 1240 necesse
1033 1182 1143 1240 fuisset

129 1278 168 1337 ad
195 1279 378 1339 vocabulum
404 1272 577 1356 ποιημάτων
600 1279 764 1339 articulum
787 1279 857 1338 addi
865 1271 897 1359 1).
944 1283 1016 1338 sunt
1039 1282 1141 1337 autem

128 1376 220 1437 verba
248 1394 316 1435 cum
338 1376 443 1436 eodem
467 1376 644 1454 simpliciter
667 1376 854 1454 explicanda:
874 1368 941 1453 ‘qui
963 1376 1035 1436 fecit
1058 1375 1142 1434 sillos

128 1473 265 1534 versibus
293 1467 447 1533 inclusos’.
488 1493 559 1533 nam
581 1466 631 1533 διά
653 1467 826 1552 ποιημάτων
847 1473 928 1533 idem
949 1474 1032 1533 valet
1051 1476 1143 1549 atque

130 1567 163 1630 ἐν
186 1568 285 1631 ἔπεσιν
308 1572 327 1630 i.
343 1591 367 1630 e.
386 1564 453 1647 ‘per
475 1563 635 1651 versus’2),
658 1570 747 1630 modo
765 1589 802 1629 ne
826 1589 895 1629 oum
913 1569 1061 1629 Welando
1080 1571 1100 1628 l.
1121 1587 1143 1629 s.

131 1671 263 1745 statuae,
292 1670 357 1727 sola
383 1669 515 1728 carmina
537 1669 718 1727 hexametris
741 1668 868 1727 heroicis
892 1668 1061 1744 conscripta
1084 1667 1144 1726 dici

128 1758 293 1839 ποιήματαε
315 1763 347 1822 in
371 1765 625 1840 comparationem
648 1764 744 1841 igitur
762 1765 930 1825 vocandum
949 1769 995 1824 est
1014 1765 1095 1841 quod
1112 1765 1144 1822 iu

132 1860 224 1918 simili
247 1861 358 1920 notitia
381 1861 458 1920 dixit
481 1861 589 1921 Strabo
612 1862 684 1921 XIV
704 1864 732 1940 5,
752 1864 771 1921 8
795 1882 823 1938 p.
844 1855 1047 1938 671Ἅρατος
1071 1852 1087 1921 ὁ
1109 1853 1144 1919 τά

131 1950 299 2034 φαινόμενοι
331 1952 506 2037 συγγράψας
536 1955 569 2017 ἐν
602 1956 707 2019 ἔπεσιν.
758 1959 839 2037 quod
869 1959 895 2018 si
923 1958 990 2035 quis
1019 1962 1146 2035 quaerat

131 2072 184 2112 cur
208 2048 257 2113 διά
279 2048 452 2132 ποιημάτων
475 2055 644 2115 addendum
663 2057 812 2116 censuerit
832 2055 940 2115 Strabo
960 2074 1144 2132 quamquam

130 2150 222 2211 σίλλοι
243 2171 297 2228 per
315 2170 346 2211 se
369 2157 486 2213 certum
505 2171 629 2229 poeseos
649 2172 744 2232 genus
763 2153 941 2230 describant,
964 2153 1144 2230 responden·

131 2250 203 2309 dum
229 2255 286 2329 est,
314 2252 345 2311 in
368 2252 434 2329 ipso
457 2253 606 2314 vocabulo
630 2253 728 2311 solum
751 2251 897 2311 irrisionis
920 2253 1024 2310 notum
1047 2251 1144 2309 inesse

134 2339 175 2426 (v
147 2366 292 2426 supra
314 2370 342 2426 p
363 2342 412 2430 5),
437 2350 541 2427 itaque
564 2351 731 2427 poeticos
755 2349 839 2409 sillos
862 2348 1034 2424 accuratius
1057 2348 1145 2406 illum

131 2445 301 2523 significare
325 2448 465 2507 voluisse.

202 2537 236 2622 2)
259 2543 359 2603 Laert.
383 2543 471 2621 Diog.
495 2545 538 2603 IX
563 2546 603 2603 18
636 2540 764 2623 γέγραφε
796 2539 829 2602 sl
862 2540 923 2617 [και
947 2541 1030 2619 quod
1052 2543 1145 2620 vulgo

130 2677 345 2688 -—--—

204 2725 327 2794 1)ldem
355 2725 466 2781 cadit
457 2743 487 2781 1n
509 2728 744 2797 Bemhardyium‚
772 2727 821 2798 qui
843 2675 904 2784 tut
929 2729 982 2786 zac.
1003 2727 1083 2784 Gal
1070 2726 1146 2782 112³

132 2823 159 2875 p.
190 2808 242 2859 548
271 2803 396 2875 scripsit·
425 2801 484 2861 die
512 2808 610 2863 Worte
637 2807 751 2864 meinen
777 2807 864 2864 allein
891 2809 954 2864 den
982 2806 1147 2863 scharfen

132 2882 231 2938 Geist
257 2885 317 2940 der
339 2884 471 2956 Kritik,
498 2887 619 2942 welcher
646 2887 692 2942 die
719 2885 856 2942 Gedichte
883 2889 933 2944 des
956 2887 1147 2957 Philosophen

131 2959 333 3020 bezeichnete?
379 2966 455 3034 quod
481 2966 506 3022 si
533 2965 624 3022 voluit
651 2965 765 3036 Strabo,
794 2968 892 3023 debuit
919 2968 1011 3023 dicere
1040 2967 1148 3027 σίλλους

133 3042 255 3112 ποιήσας
273 3039 322 3099 διά
341 3045 398 3099 τῶν
416 3042 594 3116 ποιημάτων;
613 3047 723 3103 accedit
740 3047 816 3116 quod
834 3049 893 3104 tale
907 3045 1046 3103 scribendi
1060 3061 1148 3117 genus

132 3139 245 3194 prorsus
261 3124 394 3179 abhorret
409 3140 427 3178 a
440 3128 542 3182 natura
556 3127 796 3183 breviuscularum
809 3126 1006 3184 memoriarum
1021 3125 1058 3180 ad
1071 3126 1148 3181 litte·

133 3220 228 3259 rarum
239 3203 397 3272 artiumque
408 3204 554 3262 historiam
564 3207 761 3277 spectantium,
772 3223 842 3277 quas
853 3205 1026 3276 singularum
1035 3205 1146 3261 urbium

132 3283 315 3353 descriptioni
333 3283 458 3339 subicere
473 3286 545 3342 solet
558 3287 666 3342 Strabo.

205 3365 233 3430 2)
263 3362 303 3418 Gi.
323 3365 435 3432 praeter
463 3364 535 3421 alios
553 3367 647 3422 Laert.
666 3366 749 3438 Diog.
768 3366 808 3421 IX
827 3371 861 3420 22
889 3362 938 3418 ιιαλ
961 3356 1047 3423 αὐτὸς
1071 3362 1148 3430 (Par-

135 3441 272 3510 menides)
300 3439 332 3496 dl
362 3441 410 3498 διά
438 3441 603 3515 ποιημάτων
627 3450 783 3514 φιλοσοφεῖ
804 3439 938 3511 καθάπερ
961 3437 1091 3505 Ἡσίοδός
1118 3461 1147 3498 τε

133 3518 183 3576 καὶ
201 3518 372 3591 Ξενοφάνης
390 3523 439 3578 ιιαλ
455 3520 653 3595 Ἐμπεδοκλῆς.
