2466 3832
565 235 785 300 ,48-

168 399 291 476 quoda
315 397 405 457 Sexto
428 397 581 475 Empirico
607 398 683 458 item
709 399 780 459 huic
802 398 880 458 libro
904 391 1117 479 adscribitur),
1148 399 1184 461 de
1208 379 1211 385 ⁴

167 494 350 573 Empedocle
365 486 416 576 (fr.
430 487 656 577 XXXXVIIII),
676 497 713 556 de
728 495 851 556 Socrate
866 487 916 577 (fr.
931 489 981 577 L),
1005 496 1041 555 de
1055 496 1183 555 Platone

170 584 221 674 (fr.
234 591 276 653 LI
291 597 322 653 et
334 585 416 674 LII),
435 593 473 654 de
491 592 715 653 Socraticorum
733 593 854 670 scriptis
874 585 926 676 (fr.
938 594 1012 654 LIII
1026 597 1058 653 et
1071 587 1184 674 LIIH).

168 690 223 751 hos
246 692 309 751 fere
331 695 368 751 ut
390 691 505 768 priores
527 691 722 769 philosophos
740 694 910 768 pertractat
926 690 1127 766 Xenophanes
1150 691 1183 751 in

171 789 301 849 secundo
325 788 411 848 libro.
516 828 524 842 .

235 887 272 944 In
290 886 405 952 tertio
423 890 529 946 contra
546 886 729 962 posteriores
747 885 942 961 philosophos
961 884 1098 962 exagitat
1111 884 1185 961 Epi-

170 1001 277 1042 curum
300 974 351 1064 (fr.
374 981 429 1042 LV
452 987 483 1043 et
504 983 587 1061 LVI,
615 1002 744 1061 quorum
767 983 899 1042 ultorum
921 981 1013 1041 tertio
1037 981 1115 1043 libro
1139 982 1185 1040 in·

169 1081 264 1141 fuisse
291 1082 382 1157 plane
409 1081 586 1141 Athenaeus
614 1073 716 1162 dicit),
748 1081 859 1141 stoicos
887 1071 938 1160 (fr.
961 1071 1075 1161 LVII),
1109 1098 1185 1158 quos

169 1179 307 1255 inprimis
340 1177 378 1238 ob
411 1178 641 1257 grammaticum
673 1179 809 1238 studium
840 1170 956 1238 laceret
984 1168 1035 1258 (fr.
1058 1170 1185 1259 cvm),

169 1275 298 1353 deniquo
312 1275 493 1353 Dionysium
506 1275 720 1336 Heracleotam
728 1277 973 1337 Metathemenon
983 1265 1033 1355 (fr.
1042 1267 1184 1356 LVIIH).

236 1372 392 1432 Postremo
424 1373 532 1433 Timon
563 1373 686 1434 videtur
717 1393 736 1434 a
762 1373 946 1450 Xenophane
979 1360 1185 1450 interrogatus

170 1471 294 1549 quinam
310 1470 483 1547 philosophi
500 1488 581 1530 nuno
598 1471 741 1531 florerent
757 1471 957 1547 respondisse,
978 1487 1043 1529 esse
1063 1469 1186 1547 quidem

131 1571 136 1585 '
169 1569 336 1645 permultos
359 1567 560 1628 Alexandrino
590 1568 643 1627 sed
669 1568 788 1628 futtiles
812 1561 862 1649 (fr.
886 1558 968 1648 LX),
998 1585 1063 1626 esso
1092 1567 1185 1626 etiam

169 1665 346 1726 Aristoneos
374 1658 425 1747 (fr.
448 1658 533 1747 LXI)
560 1665 614 1725 sed
641 1665 696 1725 hos
725 1684 845 1743 quoque
878 1682 985 1741 vance3
1017 1681 1185 1741 perpaucos

168 1766 291 1823 tantum
309 1763 368 1822 sibi
385 1765 514 1841 placere,
527 1766 564 1822 ut
576 1762 784 1839 Emylochum
797 1763 1007 1840 Pyrrhoneum
1021 1752 1072 1842 (fr.
1085 1753 1185 1842 LXII)

170 1862 219 1921 vel
242 1860 400 1919 Philonem
423 1861 553 1921 eundem
575 1861 741 1936 scepticum
765 1852 815 1942 (fr.
835 1851 959 1940 LXIH).

236 1957 343 2016 Potuit
369 1961 472 2017 tamen
500 1958 536 2017 de
564 1957 612 2018 his
640 1957 757 2017 duobus
784 1960 822 2017 ut
844 1957 972 2016 moltuis
1001 1947 1088 2037 (nam
1110 1975 1183 2015 num

171 2072 206 2113 eo
229 2057 365 2131 tempore
394 2074 453 2132 quc
478 2055 586 2115 Timon
608 2055 693 2115 sihos
716 2055 837 2132 scripsit
860 2054 1039 2131 superstites
1061 2053 1185 2130 fuerint,

170 2143 344 2234 ignoratur)
372 2152 573 2230 Xenophanes
602 2152 700 2230 loqui3
732 2152 937 2230 temporisque
965 2152 1040 2210 item
1067 2151 1185 2211 ratione

170 2249 396 2310 diiudicandum
420 2254 478 2329 est,
501 2255 607 2311 utrum
624 2250 677 2309 ille
701 2268 740 2309 an
761 2248 869 2308 Timon
886 2248 1038 2308 Aristonis
1056 2248 1197 2308 mantin·

169 2367 239 2406 nem
261 2347 368 2407 fecerit
390 2349 482 2409 tertio
505 2352 587 2408 certe
605 2348 682 2408 libro
699 2347 844 2406 iniectum
863 2337 913 2427 (fr.
927 2337 1069 2426 LXHH).

235 2445 363 2505 Prorsus
382 2446 512 2524 denique
530 2447 608 2506 nihil
624 2444 816 2523 pronuntiari
838 2447 953 2521 potest,
977 2462 1037 2521 quo
1056 2442 1089 2501 in
1107 2441 1185 2502 libro

170 2562 206 2602 ea
233 2543 339 2622 verba,
369 2543 480 2621 quibus
508 2544 680 2604 continetur
706 2542 853 2601 iudicium
876 2541 912 2600 de
936 2541 1025 2600 docto
1053 2539 1186 2617 quodam

171 2640 300 2699 alicuius
313 2640 488 2716 philosophi
501 2641 613 2716 scripto
628 2642 789 2717 statutum,
803 2639 864 2698 sint
882 2639 1003 2716 prolata
1017 2627 1068 2718 (fr.
1079 2628 1185 2719 LXV).

236 2735 323 2794 Hanc
351 2736 447 2813 igitur
473 2736 582 2795 misere
609 2737 765 2796 dilacerati
793 2735 933 2795 carminis
957 2734 1186 2812 dispositionem

170 2832 351 2891 resuscitare
370 2836 497 2892 conatus
515 2851 592 2910 sum,
615 2851 762 2909 speroque
780 2833 845 2892 fore
865 2835 902 2892 ut
920 2832 956 2890 in
968 2825 1186 2893 ¹universum

171 2948 207 2988 ea
231 2948 322 3007 quam
345 2930 443 2989 animo
467 2930 592 3007 concepi
614 2930 714 3007 imago
738 2949 798 2989 non
821 2930 910 2991 valde
933 2949 952 2989 a
974 2948 1047 2990 vera
1071 2932 1102 2989 et
1124 2928 1185 3006 pri·

171 3027 251 3086 stina
278 3027 439 3086 abhorreat
470 3029 577 3104 specie.
617 3028 705 3087 'certe
732 3027 812 3086 enim
840 3028 900 3087 duo
927 3027 1004 3085 mihi
1030 3027 1186 3087 videntur:

172 3128 203 3183 et
225 3127 325 3184 totum
351 3143 459 3199 poema
483 3124 515 3183 in
538 3123 657 3197 νεκυίας
679 3125 808 3184 formam
831 3143 895 3185 esse
918 3124 1076 3184 redactum
1100 3127 1131 3182 ct
1154 3122 1186 3180 in

169 3222 268 3299 primo
291 3221 368 3280 libro
392 3220 570 3300 λογομαχίαν
597 3223 677 3282 iuter
699 3223 894 3299 philosophos
920 3221 1112 3281 commissam
1135 3219 1184 3281 dc·

171 3318 273 3396 scribi3
292 3318 419 3378 tertium
437 3318 553 3378 certum
570 3339 631 3379 non
649 3321 772 3381 videtur
790 3320 842 3379 sod
862 3323 917 3397 est,
935 3322 972 3378 ut
991 3320 1072 3397 quod
1091 3318 1184 3379 stabi·

169 3416 262 3475 litum
279 3415 469 3492 Apollonidis
488 3417 671 3496 testimonio,
692 3418 908 3494 Xenophanem
928 3419 1059 3478 secundo
1078 3418 1184 3478 tertio·

171 3532 230 3589 que
254 3514 331 3572 libro
355 3532 373 3572 a
392 3515 517 3574 Timone
541 3515 762 3594 interrogatum
785 3515 822 3577 de
846 3515 974 3594 singulis
996 3515 1185 3593 philosophis

169 3610 356 3668 disseruisse.
