2466 3832
520 192 562 200 -
610 155 675 221 186
722 191 763 201 -
1024 178 1155 221 umorus

138 314 228 397 δόξης
250 323 281 379 et
303 318 436 378 rixarum
460 309 511 400 (of.
531 318 566 378 fr.
586 319 701 378 XXXII
718 340 746 380 v.
766 320 796 395 4,
814 319 974 378 XXXVIII
991 339 1018 379 v.
1036 311 1081 400 2).
1117 319 1156 379 ad

138 417 228 476 huius
264 417 361 495 igitur
392 416 563 493 philosophi
595 417 691 476 vitam
725 417 893 476 solitariam
925 417 1156 477 describendam

138 515 197 574 duo
234 514 360 576 novavit
395 513 487 575 verba
520 514 627 574 TImon
664 507 843 593 αὐτόσχολον
876 518 906 573 et
937 508 1155 595 αὐτολαλητήνε

137 605 313 692 αὖτόσχολος
336 631 420 691 vero,
444 616 480 671 ut
501 614 582 671 reete
600 611 820 687 interpretatur
837 610 1006 671 Meinekius
1025 613 1046 671 l.
1065 631 1087 672 s.
1108 616 1156 672 est

138 704 203 788 ‘qui
226 711 284 770 sibi
306 713 407 787 vacat,
430 728 491 768 non
513 703 603 768 aliis'.

586 973 703 1032 LXIIII

204 1097 414 1158 Athenaeus
433 1097 478 1156 VI
495 1118 523 1173 p.
540 1090 620 1157 251b
642 1097 742 1175 Τίμων
761 1089 777 1158 ὅ
799 1092 939 1170 Φλιάσιος
959 1094 993 1156 ἐν
1010 1100 1051 1182 τῷ
1069 1098 1156 1182 τρίτῳ

138 1197 198 1279 τών
217 1194 323 1254 σίλλων
338 1188 529 1274 Ἀρίστοονοί
548 1210 622 1272 φησι
640 1188 700 1254 τὸν
719 1198 823 1272 Χῖον,
837 1190 1007 1273 Ζήνωνος
1032 1191 1069 1255 δὲ
1092 1199 1157 1256 τοῦ

137 1289 288 1365 Κιτιέως
311 1286 510 1372 γνώριμον,
538 1286 671 1352 ιιόλαιια
694 1289 864 1370 γενέσθαι
888 1291 1070 1370 Περσαίου
1093 1297 1158 1354 τοῦ

138 1384 360 1469 φιλοσόφου,
375 1383 428 1450 ὅτι
445 1377 490 1468 ἦν
509 1385 648 1468 ἑταῖρος
663 1382 870 1469 Ἀντιγόνου
888 1391 951 1450 τοῦ
970 1387 1157 1467 βασιλέως.

484 1656 566 1714 LXV
590 1647 646 1736 (25
666 1648 799 1738 proeod.)

617 1773 654 1839 ἐν
678 1770 716 1838 δὲ
738 1769 929 1859 πλατυσμὸς

182 1877 548 1963 πουλυμαθημοσύνης,
571 1880 629 1963 τῆς
652 1872 693 1944 οὐ
716 1875 919 1963 κενεώτερον
942 1875 1026 1943 ἄλλο

419 2061 538 2103 nonam
560 2059 725 2103 Dnnonnvs
748 2061 865 2104 VERSVS

136 2161 166 2215 in
187 2180 211 2218 v.
233 2168 263 2217 2ι
282 2180 300 2230 η
319 2167 371 2217 216
391 2154 425 2216 οὗ
446 2203 451 2214 .
467 2203 474 2217 .
490 2203 496 2214 .
513 2203 519 2214 .
537 2156 675 2229 κύντερον
694 2155 761 2214 ἄλλο

205 2312 291 2354 nasu.
319 2293 528 2353 Athenaeus
547 2292 622 2352 XIII
640 2313 668 2369 p.
689 2284 769 2352 610b
792 2287 842 2355 καί
865 2282 881 2350 ὃ
903 2289 1003 2370 Τίμων
1027 2287 1061 2352 δὲ
1080 2289 1157 2373 ἔφη·

138 2388 192 2451 «ἐν
214 2423 252 2432 -
275 2385 376 2451 tuo».

207 2542 233 2579 v.
254 2530 269 2578 1
289 2520 320 2579 ἐν
339 2525 366 2577 A
380 2527 390 2594 ΙΙ
413 2541 439 2578 v.
457 2530 473 2578 2
493 2518 772 2593 πολυμαθημοσώνης
789 2523 817 2576 Α
838 2525 843 2591 Ι
864 2516 947 2592 οὔτε,
965 2517 1107 2594 νεώτερον
1127 2529 1154 2578 A

136 2617 349 2625 ——-

205 2673 300 2714 eoum.
328 2646 505 2731 Πλατυσμός
529 2659 575 2714 est
596 2655 735 2732 iaetatio3
759 2655 811 2714 sed
835 2655 895 2713 diei
917 2653 1024 2731 nequit
1047 2660 1157 2716 utrum

136 2753 253 2813 usitata
297 2750 503 2832 παρονομασίμ
548 2752 656 2811 Timon
699 2752 857 2812 Platonem
901 2755 1069 2831 pupugerit
1115 2775 1156 2814 an

137 2849 232 2909 alium
251 2847 457 2926 dogmaticum
474 2847 695 2925 philosophum.
723 2849 882 2909 Platonem
897 2851 1044 2928 cogitavit
1059 2853 1156 2912 etiam

136 2946 287 3025 Bergkius
306 2945 342 3005 de
361 2946 467 3023 reliqu.
487 2965 561 3006 eom.
580 2946 695 3023 antiqu.
709 2967 739 3023 p.
757 2949 828 3025 180,
851 2947 911 3006 nisi
932 2948 1061 3008 fortasse
1076 2948 1155 3027 Hip-

135 3064 196 3122 pon
216 3044 258 3104 eis
272 3047 459 3122 tangeretur.
486 3043 592 3120 paneis
607 3042 770 3104 animante
784 3044 959 3105 Athenaeus
973 3053 1157 3108 narraverat

136 3141 308 3220 Hipponem
339 3135 391 3203 τὸν
422 3136 518 3202 ίίθεον
547 3141 657 3201 dixisse
685 3135 998 3220 ‘uovlouutrpooorirrr
1029 3146 1083 3221 τῆς
1117 3140 1155 3207 οὗ

135 3233 310 3318 κενεώτερον
328 3232 442 3300 οὐδέν’.
469 3239 638 3299 Meinekius
656 3241 758 3298 tamen
777 3258 871 3298 exoro.
886 3240 918 3298 in
931 3240 1002 3299 Ath.
1017 3240 1092 3317 Hp.
1109 3245 1153 3304 33

137 3328 195 3417 (=
220 3339 297 3396 anal.
320 3357 349 3413 p.
375 3328 454 3418 292)
483 3338 592 3397 statuit
614 3336 692 3396 falso
716 3336 850 3396 Timonis
872 3356 994 3399 versum
1015 3337 1156 3415 Hipponi

136 3433 322 3509 adscriptum
340 3451 414 3511 esse,
434 3434 515 3510 quod
532 3434 606 3493 mihi
625 3453 746 3512 quoque
765 3433 885 3493 arridet.
922 3437 1014 3512 atque
1033 3436 1155 3515 aliqua·

136 3532 224 3590 tenus
254 3533 285 3590 et
312 3529 508 3590 oonfirmatur
530 3534 562 3590 et
584 3531 755 3591 aoeuratius
784 3530 927 3591 definitur
953 3533 1026 3592 haee
1048 3535 1155 3611 opinio
