2466 3832
509 172 546 180 -
597 135 661 200 172
708 172 749 182 —
1011 158 1141 202 ruscius

124 301 315 377 185011p.
342 291 420 382 110)
444 300 508 360 sive
532 318 679 377 scurram3
708 302 800 377 atque
827 299 884 357 hcc
913 317 1035 375 quoque
1064 319 1139 377 que·

123 399 192 458 <irat
214 398 246 456 in
270 397 425 458 Socratem
452 396 592 468 παίζοντα
615 391 711 457 πάντα
733 390 785 456 τὸν
806 395 874 473 βίον
898 387 939 476 (v.
964 413 1071 455 comm.
1101 397 1140 456 ad

122 497 158 554 fr.
172 487 222 577 L),
246 514 337 572 quem
356 496 457 555 Zenon
474 495 643 572 Epicureus
667 499 746 556 teste
770 493 912 555 Cicerone
937 494 1017 582 decr.
1041 493 1139 553 natl

125 594 180 670 34,
205 595 245 652 93
270 595 361 653 λαλῖκο
383 595 468 652 verbo
491 598 574 652 utens
596 611 730 653 εαανααι
754 595 873 652 atticum
897 592 990 664 facisse
1012 592 1140 661 diceban
1213 647 1219 651 .

124 690 176 749 sed
207 691 256 749 hic
289 694 325 751 ut
351 693 433 749 recte
463 690 683 767 interpretatur
711 689 821 749 Sextus
850 688 963 748 dieitur
989 681 1140 768 ἠθολόγος

124 787 332 848 etiam‘hcmc
360 787 398 846 de
427 786 533 847 ethicis
557 788 629 847 solis
652 785 742 846 rebus
765 787 932 863 disputans.
980 775 1140 865 (Zimrner

124 903 268 944 mannum
291 886 310 943 l.
335 903 357 943 s,
381 889 487 945 contra
508 904 557 943 me
580 886 787 962 disputantem
812 903 871 943 non
895 875 1064 963 assequor.)

483 1165 542 1225 LII
565 1159 620 1247 (51
640 1159 775 1248 proeed.)

171 1278 215 1360 ὡς
233 1279 413 1349 ἀνέπλαττε
431 1281 577 1350 Πλάτων
597 1279 615 1349 ὁ
634 1283 846 1368 πεπλασμένα
866 1280 1025 1367 θαύματα
1044 1281 1140 1361 είδοός

193 1485 278 1527 nasu.
302 1466 512 1527 Athenaeus
531 1468 574 1526 XI
592 1488 620 1544 p.
636 1468 714 1528 505Θ
737 1462 819 1527 άλλοι
843 1462 875 1524 δέ
894 1482 987 1542 φασιν
1011 1457 1052 1538 ὡς
1070 1459 1138 1525 άνα-

125 1557 216 1641 γνοὺς
246 1557 261 1625 ὁ
289 1566 416 1645 Γοργίας
447 1560 500 1626 τὸν
527 1556 688 1637 Πλάτωνος
721 1559 859 1644 διάλογον
893 1555 1139 1645 (homonymum)

125 1654 200 1739 πρὸς
221 1655 290 1733 τοὺς
313 1656 461 1739 παρόντας
479 1655 561 1721 εἶπεν
579 1657 623 1723 ότι
642 1656 731 1723 οὐδὲν
750 1655 862 1723 τοάτων
885 1656 951 1721 οότε
974 1653 1056 1721 εἶπεν
1075 1656 1140 1724 οὔτε

124 1750 242 1833 ἤκουσε,
280 1752 369 1818 ταύτά
388 1775 460 1836 φασι
479 1757 530 1818 καὶ
545 1759 688 1819 Φαίδωνα
707 1757 800 1818 εἰπεῖν
820 1751 986 1837 ἀναγνόντα
1005 1752 1057 1818 τόν
1074 1756 1139 1836 περὶ

125 1856 234 1932 ψυχῆς.
270 1849 316 1914 διδ
336 1857 431 1925 καλῶς
451 1847 466 1914 δ
483 1855 583 1931 Τίμων
601 1854 668 1936 περὶ
687 1849 778 1916 αὐτοῦ
797 1853 868 1932 ἔφη·
888 1847 950 1926 «ὡς
966 1885 1004 1896 -
1022 1849 1139 1927 είδάςν.

126 1949 299 2031 Παρμενίδῃ
323 1947 376 2029 μὲν
398 1946 454 2031 γάρ
472 1950 522 2012 καῖ
540 1950 640 2013 ἐλθεῖν
658 1952 699 2025 είς
718 1943 824 2033 λόγους
841 1946 894 2013 τὸν
911 1954 963 2012 τοῦ
978 1946 1139 2023 Πλάτωνος

125 2041 290 2127 Σωκράτην
313 2043 395 2127 μόλις
418 2042 437 2126 ἡ
460 2042 557 2127 ἡλικία
581 2055 736 2129 συγχωρεῖ,
768 2043 822 2128 οὐχ
845 2043 885 2122 ὡς
907 2047 957 2109 καὶ
978 2043 1147 2120 τοσούτους·

126 2144 218 2207 εἰπεῖν
241 2138 261 2223 ἦ
285 2139 411 2208 άκοῦσαι
438 2141 551 2227 λόγους.
596 2142 629 2208 τδ
658 2143 690 2207 δὲ
718 2141 838 2206 πάντων
866 2140 1067 2225 σχετλιώτερον
1090 2142 1140 2205 καί

125 2236 157 2304 τδ
180 2243 273 2304 εἰπεῖν
296 2238 438 2323 οὐδεμιᾶς
460 2238 690 2324 κατεπειγούσης
704 2244 800 2324 χρείας
819 2237 863 2305 ότι
881 2237 1005 2303 παιδικά
1024 2236 1141 2322 γεγόνοι

125 2344 177 2402 τοῦ
200 2342 392 2419 Παρμενίδου
411 2337 520 2422 Ζήνων
543 2335 559 2402 ὁ
581 2342 701 2419 πολίτης
723 2336 823 2403 αὐτοῦ.
863 2334 1013 2401 άδόνατον
1037 2336 1140 2400 δὲκαὶ

128 2438 262 2516 Φαῖδρον
280 2432 317 2499 cei
331 2434 425 2516 μόνον
442 2433 515 2500 κατδι
529 2435 694 2520 Σωκράτην
717 2432 807 2515 εἶναι,
829 2427 848 2516 ἦ
868 2432 929 2499 ποά
947 2459 979 2518 γε
1000 2435 1051 2497 καῖ
1069 2429 1138 2515 ἐρά-

127 2556 217 2611 μενον
239 2530 330 2597 αὐτοῦ
354 2535 506 2617 γεγονέναι
626 2532 720 2597 πολλὰ
744 2530 772 2596 δ’
799 2534 858 2597 ἔστι
879 2532 927 2595 καλ
952 2529 1025 2594 άλλα
1047 2531 1140 2614 λέγειν

125 2629 191 2708 περλ
206 2625 298 2692 αὐτοῦ
316 2631 366 2691 καλ
385 2628 537 2693 δεικνόναι
555 2627 594 2705 ὡς
613 2632 728 2694 ἔπλαττε
746 2629 816 2706 τοὺς
835 2626 1000 2712 διαλόγους.
1030 2631 1138 2690 Laer-

126 2728 202 2787 tius
225 2727 326 2805 Dicg.
351 2729 398 2787 Π]
422 2733 462 2788 26
493 2723 565 2789 άλλδι
593 2729 642 2790 καί
668 2730 768 2808 Τίμων
795 2723 902 2792 οὑτωσὶ
927 2750 1139 2808 παραγραμμα·

125 2824 211 2896 τίζωυ
235 2817 343 2885 αὐτόν·
367 2817 428 2898 «ὦς
443 2857 484 2867 -
501 2819 617 2899 εἶδός».
655 2820 738 2908 (inde
763 2828 894 2888 Suidas
916 2849 944 2889 v.
968 2847 1138 2907 παραγραμ-

127 2921 264 3000 ματίζων·
299 2921 399 3000 Τίμων
425 2916 531 2983 οὑτωσὶ
553 2926 852 3004 παραγραμματίζων·
881 2918 943 2998 «ὥς
968 2956 1006 2967 -
1032 2918 1137 2996 είδοός»

128 3022 159 3078 et
185 3019 390 3096 Hesychius
419 3021 515 3081 Miles.
539 3040 562 3080 c.
587 3023 628 3081 55
652 3043 680 3099 p.
706 3025 762 3101 45,
787 3026 805 3083 8
834 3024 936 3083 Flaeh.
965 3019 1015 3082 καί
1039 3022 1139 3101 Τίμων

126 3117 409 3197 παραγραμματίζων
432 3109 535 3180 αὐτόν·
560 3111 621 3192 «ὥς
642 3151 680 3162 -
700 3113 832 3203 είδάςν.)

199 3247 355 3306 ἀνέπλαττε
380 3251 500 3309 Πλάτων
523 3248 538 3309 ὁ
562 3253 663 3310 Nauck
685 3255 715 3309 in
738 3254 917 3311 Meinekiana
939 3254 1006 3309 edit.
1025 3255 1138 3311 Athen:

126 3332 302 3394 άνὲπλαττεν
317 3335 332 3395 ὁ
349 3339 468 3396 Πλάτων
483 3343 594 3410 Athen,
609 3337 751 3397 άνέιτλαοε
767 3341 886 3397 Πλάτων
901 3342 993 3397 Laeti.
1003 3342 1069 3397 BF
1080 3346 1109 3398 et
1117 3345 1140 3414 f,

127 3421 212 3492 said„
233 3425 367 3496 Hesyeh.,
391 3423 427 3483 άν
453 3427 553 3485 ἔπλασε
580 3427 699 3485 Πλάτων
718 3431 810 3486 Laeti,
831 3431 958 3502 GHQV
974 3428 1057 3488 vind.
1078 3439 1138 3502 106,

131 3504 285 3568 λυέτλατσε
306 3514 427 3570 Πλάτων
445 3517 537 3572 Ιιεοτλ.
556 3519 686 3573 Laurent.
706 3523 753 3588 85,
770 3525 800 3588 9,
824 3514 860 3573 όν
880 3515 999 3573 ἔπλαττε
1019 3517 1141 3578 Πλάτων
