2466 3832
114 189 285 231 τοοκ-ΧΠ
499 201 541 211 -
589 167 652 230 111
699 203 741 213 -

114 328 258 390 meretrix
275 327 406 389 Metiohe
421 322 586 404 Κλεψύδρα
603 335 779 407 nuncupata
798 336 852 392 est.
886 335 955 394 dein
974 335 1130 414 pungitur,

115 427 197 506 quod
214 427 293 487 libro
312 445 367 486 suo
385 428 542 503 praeclaro
554 415 642 506 Ὦροι
662 426 808 504 inscripto
830 429 863 487 in
880 432 986 491 multis
1003 433 1130 492 urbibus

114 525 244 585 recitato
266 541 392 601 magnas
417 541 488 600 opes
513 523 570 584 sibi
594 525 793 601 comparavit:
817 525 854 584 cf.
877 526 1052 591 Philostrat.
1075 532 1129 592 vit.

113 621 238 699 sophist.
258 621 274 680 I
295 639 428 697 prooem.
451 641 480 698 p.
500 623 564 682 482
588 615 754 700 τοῦλόγου
779 612 960 706 (Horarum)
984 623 1130 704 ἔμμισθον

113 716 254 792 ἐπίδειξιν
272 716 398 779 ἐποιεῖτο
417 712 568 798 Πρόδικος
586 713 824 797 περιφοιτοῖντόι
847 715 918 799 ἄστη
942 719 993 780 κοιλ
1013 718 1130 802 θόλγων

113 808 188 877 αὐτὰ
210 808 262 876 τὸν
281 809 413 894 Ὀρφέως
435 836 465 876 τε
487 813 538 876 κοιλ
558 811 702 897 Θαμύρου
725 811 836 895 τρόπον
855 861 862 878 .
878 867 884 880 .
899 864 906 880 .
921 832 942 882 .·
966 812 982 880 ὁ
1006 812 1044 896 δὴ
1058 821 1131 899 Γορ-

112 912 180 993 pice
206 907 400 975 ἐπισκώπτων
426 906 479 973 τὸν
501 907 668 992 Πρόδικον,
699 908 740 987 ὥς
768 907 844 975 intel
867 937 896 976 τε
918 914 970 976 κοιλ
991 911 1132 988 πολλάκις

112 1006 251 1090 εδρνρμλνοι
263 1003 457 1091 ἀγορεύοντος
475 1011 544 1071 vide
559 1011 652 1071 etiam
665 1012 801 1089 Xenoph.
815 1013 978 1074 Memorab.
993 1015 1024 1073 H
1040 1016 1130 1093 1521.

113 1109 242 1169 alteram
263 1110 341 1168 hano
364 1108 646 1185 interpretationem
669 1127 738 1169 cnm
760 1115 842 1170 recte
866 1111 939 1171 olim
961 1112 1130 1172 Meinekius

112 1205 131 1264 l.
147 1222 170 1265 s.
185 1222 208 1265 s.
230 1205 433 1284 proposuerit,
446 1208 554 1282 postea
568 1198 621 1287 (ad
631 1207 781 1268 Thcooiit
795 1229 824 1284 p.
835 1201 916 1290 404)
931 1228 1001 1268 cum
1014 1209 1130 1271 inventi

110 1303 265 1380 paenituit
288 1307 319 1364 et
336 1322 448 1366 novam
470 1304 622 1381 quandam
641 1305 693 1365 sed
710 1305 801 1381 plane
820 1304 1027 1365 incredibilem
1044 1323 1130 1382 prae·

111 1400 188 1460 tulit
208 1401 373 1480 rationem,
397 1422 432 1464 ex
452 1420 513 1481 qua
531 1394 716 1481 ὥρολογητής
734 1399 860 1461 eandem
878 1401 1131 1480 significationem

111 1495 241 1557 haberet
258 1501 351 1575 atque
370 1490 527 1576 ὦροδετεῖν
550 1498 569 1557 i.
586 1517 611 1557 e.
632 1493 793 1558 ‘natalium
816 1502 929 1559 sortem
951 1493 1061 1559 dicere’
1084 1500 1130 1560 ita

109 1597 148 1655 ut
165 1595 231 1673 λοιβ.
245 1587 297 1674 ὁρ.
316 1599 396 1657 esset
414 1590 551 1673 ‘accepta
572 1595 702 1673 pecunia
724 1595 792 1656 aliis
817 1615 854 1656 ex
877 1595 1037 1658 observata
1055 1598 1130 1656 hora

108 1691 257 1752 natalicia
269 1693 393 1753 futurae
407 1694 488 1755 vitae
503 1694 569 1755 fata
581 1686 777 1770 praedicens’.
808 1693 889 1754 idem
902 1693 964 1753 iam
979 1693 1129 1771 Schweig-

110 1789 271 1869 htnsorus,
295 1789 444 1852 animadv.
468 1790 507 1851 ad
526 1789 598 1851 Ath.
617 1793 689 1851 tom.
708 1791 737 1849 V
759 1812 788 1869 p.
809 1792 872 1852 257
897 1792 1128 1871 coniectaverat,

111 1886 164 1946 sed
185 1890 268 1949 recte
291 1887 356 1964 ipso
379 1886 562 1965 repudiavit.

588 2136 648 2195 XII

433 2255 611 2339 παντοφυῆ
636 2252 786 2339 φλέδονοι

178 2415 266 2458 rnsr.
288 2400 459 2461 Laertius
478 2401 579 2479 Diog.
598 2401 643 2461 VI
660 2403 699 2461 18
725 2393 741 2461 ὁ
762 2399 863 2478 Τίμων
886 2392 936 2459 διὰ
958 2393 990 2460 τό
1010 2402 1127 2477 πλῆθος

109 2487 191 2576 (eius
209 2489 371 2580 librorum)
390 2495 530 2575 ἐπιτιμῶν
549 2492 628 2583 αὐτῷ
648 2489 853 2580 (Antistheni)
872 2512 923 2556 <<π.
943 2500 1014 2573 φλ.»
1034 2511 1128 2575 φησιν

109 2584 211 2652 αὐτόν.
951 2594 955 2599 ’

182 2709 333 2778 παντοφνῆ
345 2708 376 2763 F
389 2711 394 2778 Ι
410 2706 540 2779 φαέδονα
551 2709 588 2778 F,
607 2708 734 2780 φλὲδονοι
752 2711 812 2780 (sed
825 2710 900 2766 inter
915 2731 937 2781 φ
952 2715 981 2768 et
995 2716 1010 2767 λ
1023 2714 1089 2782 ras.)
1101 2712 1130 2766 P

177 2876 274 2919 coins
296 2858 402 2919 Etiam
424 2863 540 2921 ceteros
560 2860 730 2922 Socraticos
754 2858 901 2939 φλέδονοις
924 2863 1001 2924 dixit
1020 2863 1128 2924 Timon

107 2955 144 3016 fr.
159 2955 295 3017 XXXXI.
331 2956 477 3017 irridetur
499 2977 570 3020 vero
593 2977 655 3020 non
677 2963 741 3020 tam
764 2961 955 3023 Antisthenis
979 2963 1127 3023 librorum

108 3053 208 3134 copia,
232 3073 418 3132 quamquam
442 3048 687 3117 ‘innumerabiles
707 3058 772 3119 eius
793 3053 875 3119 libri’
898 3062 935 3121 nt
958 3061 1002 3121 ait
1020 3060 1126 3119 Hiero·

106 3170 217 3229 nymns
241 3155 347 3213 contra
364 3153 506 3215 Iovinum
523 3155 555 3214 Π
573 3157 623 3233 14,
648 3173 739 3232 qnam
761 3156 923 3234 multiplex
943 3158 1008 3217 eins
1026 3157 1126 3217 varia·

109 3267 167 3327 qne
192 3249 330 3310 doctrina
352 3251 457 3329 aliqua
480 3257 625 3329 exparte
648 3251 710 3310 iam
733 3271 769 3312 cx
792 3254 997 3331 sophistarum
1016 3251 1125 3312 studiis

107 3349 178 3407 anto
207 3346 341 3408 Socratis
372 3349 562 3426 disciplinam
590 3349 706 3411 adscita
734 3342 786 3431 (cf.
814 3350 871 3411 Ad.
894 3352 1056 3427 willerus,
1089 3349 1125 3410 de

105 3443 242 3507 Antisth.
264 3446 320 3509 vit.
343 3449 375 3508 et
396 3447 497 3525 script.
516 3467 546 3524 p.
566 3439 632 3528 25).
675 3465 741 3506 eam
768 3448 854 3508 nobis
878 3449 1001 3527 quidem
1023 3447 1123 3510 minus

104 3541 180 3604 licet
203 3561 383 3623 cognoscere
405 3563 442 3605 ex
462 3544 560 3622 ipsius
578 3544 758 3622 fragmentis
778 3565 856 3625 quae
877 3563 1042 3624 perpauca
1060 3548 1143 3602 sont
