2466 3832
522 153 742 218 „75-

125 319 238 396 optime
260 318 388 394 monuit,
406 337 485 377 nunc
504 318 675 378 accuratius
694 318 834 394 exposuit
849 309 1144 399 Wilamowitzius⁵),

124 415 311 492 colloquium
333 414 534 475 bellissimum
557 419 589 474 et
612 416 806 493 concitatum
830 418 912 494 quod
930 418 1009 477 inter
1028 416 1144 476 Πενίαν

124 516 156 572 et
178 506 213 572 τὰ
232 506 397 592 Πράγμανα
414 512 541 590 fingitur
558 511 706 590 habitum,
728 532 788 590 qno
808 514 1033 576 demonstratur
1051 513 1143 589 plane

123 629 184 670 non
206 610 316 670 habere
339 610 556 687 Paupertatem
578 629 633 670 cur
654 611 851 690 lamentetur,
875 610 1141 688 apophthegmatis

61 774 65 781 ,
124 707 306 786 quibusdam
340 726 418 785 quae
446 727 481 767 ex
509 708 683 784 cynicorum
711 708 803 768 chriis
831 712 863 768 et
890 708 1029 768 diatribis
1052 709 1142 785 petiit

124 805 304 881 compilator
344 805 545 882 interpositis,
587 805 772 881 descriptum
809 808 856 864 est
892 805 1071 882 simpliciter
1108 826 1143 866 ex

122 903 227 963 Bionis
260 902 382 980 dialogo
411 902 542 980 quodam
570 903 730 962 Lucianeo.
777 922 837 980 quo
866 903 981 963 adscito
1009 905 1071 964 iarn
1098 904 1143 961 in·

122 1000 249 1076 telleges
277 999 352 1076 quid
375 1000 510 1060 convicia
534 1000 614 1076 apud
637 985 805 1078 Diogenem
828 1019 901 1077 erga
923 1001 1050 1070 Bionem
1072 1020 1141 1078 pro·

123 1098 189 1156 lata
211 1098 346 1157 valeantt
370 1098 524 1174 egregiam
547 1096 793 1173 nooounonotiac
816 1098 940 1158 adhibet
962 1090 1023 1175 ille,
1046 1099 1144 1176 igitur

122 1188 279 1271 θεατρικός
311 1194 410 1270 audit3
443 1213 536 1253 vanas
570 1194 680 1270 quibus
713 1195 849 1255 homines
878 1188 1140 1275 (philosophique)

122 1291 220 1368 decipi
243 1292 342 1352 solent
365 1291 521 1367 opiniones
545 1291 655 1352 evertit
677 1311 737 1352 non
761 1311 863 1353 severe
885 1292 1065 1370 exagitando
1087 1293 1140 1351 sed

121 1391 219 1450 facete
238 1389 409 1496 deridendo,
433 1389 528 1466 igitur
548 1394 593 1449 est
610 1384 704 1462 πολὺς
722 1387 808 1449 ἐν
769 1412 809 1474 τῳ
825 1391 928 1473 γελοίῳ
943 1390 1142 1466 διαφορῆσνις

120 1491 157 1546 ut
179 1464 346 1565 legentirim
370 1487 595 1546 audientiumve
620 1487 735 1547 animos
758 1489 913 1566 percellat,
936 1507 996 1547 non
1019 1487 1143 1546 sublimi

124 1583 255 1644 dictione
288 1585 388 1645 utitur
421 1585 512 1644 sed
503 1604 569 1661 ipso
601 1602 736 1645 sermone
768 1587 914 1645 familiari
944 1587 1142 1663 loquiturque

124 1682 163 1741 ad
191 1701 312 1742 sensum
338 1683 517 1758 popularem
540 1683 758 1760 vulgaremque
781 1684 973 1744 accomodate
980 1676 1020 1764 ²),
1047 1684 1143 1762 igitur

121 1783 249 1839 notatur
280 1782 431 1856 φορτικοῖς
459 1772 584 1855 ὀνόμασι
606 1771 680 1838 κατὰ
701 1782 762 1840 τῶν
783 1775 962 1859 πραγμάτων
984 1773 1141 1860 χριόμενος.

120 1894 200 1935 nunc
232 1876 264 1935 id
292 1895 413 1953 quoque
440 1876 549 1935 melius
577 1877 739 1954 perspicies
768 1898 865 1956 quam.
887 1879 1017 1956 contigit
1044 1895 1139 1954 nuper

119 1965 318 2054 Knaack103),
338 1974 412 2051 quid
430 1973 555 2032 tandem
574 1974 783 2036 similitudinis
797 1975 1000 2035 intercesserit
1013 1977 1140 2036 Bionem

119 2070 252 2131 inter‘et
271 2070 443 2149 Horatium,
467 2071 522 2148 qui
543 2061 599 2150 (ep.
619 2071 650 2130 11
670 2074 699 2148 2,
719 2065 776 2153 60)
800 2073 909 2132 satiras
934 2091 1003 2132 suas
1027 2072 1141 2150 signifi-

120 2170 201 2230 cavit
228 2168 327 2228 verbis
355 2169 430 2228 'satis
458 2168 539 2229 notis
569 2168 690 2245 quidem
718 2169 770 2228 sed
797 2189 858 2229 nou
886 2170 959 2230 satis
983 2170 1141 2246 explicatis

115 2258 251 2326 ‘Bioneis
271 2267 458 2326 sermonibus
482 2271 513 2327 et
532 2267 594 2326 sale
613 2258 756 2348 nigro't).
793 2266 825 2325 id
839 2267 939 2343 ipsum
953 2270 1055 2326 tamen
1074 2285 1142 2326 cum

119 2381 179 2422 non
202 2367 341 2424 nostrum
360 2364 518 2425 inventum
537 2364 578 2423 sit
596 2363 768 2423 accuratius
786 2365 948 2440 explanare
965 2383 1025 2423 non
1044 2364 1142 2442 magis

123 2504 336 2512 ——.--—-

122 2567 172 2619 auf
195 2568 240 2621 die
258 2567 348 2637 Klage
366 2567 438 2623 fiber
457 2566 497 2620 sie
518 2569 682 2636 antwortet,
701 2584 756 2622 von
774 2566 846 2622 Bion
865 2607 893 2623 ..
913 2568 964 2622 hat
980 2567 1063 2623 Talea
1080 2585 1143 2624 aus·

121 2645 320 2714 geschiieben,
353 2646 412 2702 das
442 2645 578 2716 einzige
607 2647 712 2702 steen
739 2664 808 2704 von
840 2647 964 2704 dassen
992 2648 1141 2704 Schrift-

120 2723 303 2781 stellerei.'

196 2805 374 2874 1)Autipou
393 2823 419 2875 p
439 2811 492 2860 296
512 2823 571 2895 sqq

192 2883 363 2953 )Et1am
354 2902 384 2937 m
404 2883 487 2940 chriis
508 2884 568 2940 eius
587 2886 664 2940 haud
678 2902 771 2954 pauca
785 2885 890 2942 similia
903 2886 1011 2955 ineunt3
1030 2889 1142 2956 praeter

120 2963 228 3018 Graeca
237 2963 303 3020 vide
314 2963 458 3034 Senecam,
474 2967 506 3019 dc
516 2966 658 3034 lrauqmll
667 2969 751 3023 anim.
763 2974 788 3035 8,
798 2975 828 3023 2ε
841 2966 924 3024 ‘Bion
938 2969 1081 3039 eleganter
1089 2967 1141 3036 art

120 3059 179 3098 non
207 3043 299 3098 minus
322 3045 474 3100 molestum
503 3060 563 3100 esse
587 3045 675 3100 calvis
699 3064 784 3116 quam
808 3049 926 3104 comatis
952 3048 1024 3119 pilae
1045 3046 1141 3115 velli'3

121 3139 212 3191 neque
231 3120 353 3193 φορτικὰ
368 3120 498 3194 ὀνόματα
513 3124 626 3180 desunt:
645 3129 678 3182 ut
691 3128 744 3184 hoc
758 3144 871 3197 ponam,
890 3123 1140 3185 aurcorslsrsdsw

122 3202 194 3257 dixit
212 3203 288 3274 apud
305 3203 391 3270 Plut,
409 3205 442 3259 de
460 3205 537 3260 liber.
557 3207 632 3262 educ.
652 3223 675 3263 c.
697 3213 730 3262 10
749 3224 813 3277 eos,
839 3207 888 3278 qui
906 3224 1020 3279 operam
1039 3207 1142 3263 frustra

117 3283 148 3336 in
165 3284 287 3354 negotiis
305 3283 454 3338 inutilibus
475 3288 653 3342 consumant.

190 3367 217 3431 8)
236 3366 310 3420 anal.
331 3365 392 3420 erit.
411 3382 439 3433 p.
460 3371 486 3419 4.

188 3447 216 3512 4)
235 3443 416 3499 Incredibilia
442 3444 529 3515 plane
547 3445 582 3500 de
597 3445 642 3500 his
657 3449 754 3501 narrat
767 3445 937 3503 Fritaechius
951 3447 971 3502 l.
986 3465 1006 3502 s.
1022 3465 1049 3517 p.
1060 3445 1144 3516 XLII,

95 3524 152 3578 ·ut
170 3521 341 3591 antiquiores
361 3524 482 3580 mittam.
