2466 3832
106 98 156 139 ru.
170 97 303 136 ιιι-αισι
490 108 532 117 -
580 73 643 136 173
690 109 732 117 -

105 231 200 285 Laert.
211 229 249 282 M
252 228 280 281 P
292 231 297 297 1
313 223 450 296 θαύματα
465 191 556 280 haert.
567 225 699 296 Hesych:
714 223 832 296 θύματα
845 225 946 281 Athen.
963 227 1061 297 (etiam
1071 225 1119 295 A),

107 317 183 372 Suid.
201 316 293 371 REO

175 468 270 510 sonu.
299 449 365 507 Iam
388 467 406 512 a
424 447 547 507 Laertio
571 447 780 507 animadversa
803 450 849 504 est
871 445 1000 504 nominis
1018 447 1122 506 Plato·

110 548 157 607 nis
181 545 396 606 annominatio.
434 544 617 604 sententiam
638 546 740 603 tamen
763 547 861 604 totam
883 561 944 601 non
967 548 1123 604 assecutus

109 648 155 704 est
181 644 357 704 Athenaeus
391 642 445 719 qui
473 642 606 701 Timonis
640 641 864 701 cavillationem
895 640 995 699 solum
1021 639 1060 697 ad
1089 658 1123 698 ea

108 742 231 803 rettulit
254 761 331 818 quae
350 741 440 799 Plato
458 738 492 798 in
510 739 639 816 dialogis
662 741 767 797 contra
789 737 933 798 historiae
956 736 1045 796 fidem
1067 735 1123 794 fin·

109 840 162 915 xit,
185 839 217 897 in
236 839 347 916 quibus
365 841 485 914 praeter
504 855 540 896 ea
554 854 632 914 quae
644 835 819 895 Athenaeus
837 834 999 912 adscripsit
1017 823 1124 914 (supra

110 929 236 1017 iterata)
261 936 369 994 Timon
393 934 548 994 Socratem
571 953 589 992 a
613 933 740 992 Platone
763 933 924 1011 insigniter
946 934 1125 991 exornatum

109 1034 247 1111 posuerit
270 1024 311 1113 (v.
330 1033 367 1092 fr.
385 1025 450 1114 LI).
488 1034 541 1091 sed
563 1031 655 1089 etiam
678 1029 814 1089 acerbior
831 1030 936 1090 subest
954 1029 1123 1106 castigatio.

109 1123 249 1207 turipum
271 1130 351 1189 enim
370 1129 514 1190 dicuntur
531 1128 716 1206 praestigiae
735 1127 964 1188 circulatorum:
988 1131 1019 1188 et
1034 1127 1124 1187 Plato

108 1227 174 1302 ipse
199 1228 287 1304 quasi
311 1226 528 1305 praestigiator
557 1225 680 1303 quidam
706 1225 809 1302 prodit
834 1228 960 1302 propter
985 1224 1124 1284 inaudita

111 1322 225 1398 placita
260 1341 337 1400 quae
365 1325 402 1382 de
430 1324 504 1383 ideis
533 1323 662 1401 aliisque
689 1323 795 1384 multis
823 1321 913 1382 rebus
941 1320 1125 1400 excogitavit

114 1422 144 1479 et
167 1418 204 1479 ob
227 1420 379 1496 poeticam
401 1421 563 1480 dictionem
585 1421 671 1481 noris
695 1420 862 1480 luminibus
884 1421 1078 1479 illustratam.

580 1687 654 1746 ΙιΠΙ

154 1781 319 1870 ἀσθενική
342 1809 377 1851 τε
400 1784 514 1874 λόγων
538 1784 622 1865 θυάς
644 1781 665 1871 ἢ
688 1782 783 1870 ιριάς
805 1779 826 1869 ἢ
849 1788 897 1851 ἔτι
919 1781 1071 1867 πρόσσω,

155 1894 249 1970 οἵους
270 1891 468 1979 Ξεινοφόων
491 1888 514 1977 ἥ
536 1890 565 1958 τ’
591 1895 758 1978 Αίσχίνεω
783 1888 846 1959 οὐκ
869 1885 995 1974 ἀπιθὴς
1017 1892 1090 1974 <ῐς>

154 1997 298 2087 γράψαν.

178 2179 265 2221 nnsn.
288 2162 463 2224 Laertius
477 2162 578 2240 Diog.
592 2162 624 2222 Π
638 2164 679 2223 55
698 2162 798 2241 Τίριων
817 2155 847 2221 θ’
865 2155 1037 2222 ἐπισκώπτει
1052 2152 1126 2242 (ἐπι-

112 2251 213 2319 κόπτει
220 2250 266 2340 Β)
282 2252 373 2319 αὐτὸν
387 2257 420 2318 ἔν
434 2252 560 2330 τούτοις·
575 2253 741 2338 «ἀσθενική
756 2291 797 2302 -
812 2253 964 2340 γράψον».
987 2257 1127 2318 IdemII

115 2359 153 2416 61
166 2374 209 2433 sq.
225 2356 257 2418 οἱ
268 2350 297 2415 δ’
314 2345 370 2416 οὖν
383 2359 445 2416 τῶν
454 2356 597 2434 Αἰσχίνου
612 2348 790 2440 (διαλόγων)
805 2351 836 2418 τό
846 2351 1035 2436 Σωκρατικόν
1048 2345 1127 2434 ἦθος

113 2446 353 2536 ἀπομεμαγμένοι
375 2451 449 2514 εἰσίν
472 2446 544 2514 ἓπτά
563 2499 659 2516 .....
678 2451 752 2531 φασὶ
775 2448 805 2514 θ’
826 2447 976 2516 αὐτόνδι’
997 2448 1127 2534 ἀπορίαν

113 2548 213 2611 ἐλθεῖν
226 2552 267 2625 είς
280 2552 421 2613 Σικελίαν
435 2598 442 2613 .
458 2597 465 2612 .
480 2599 486 2612 .
502 2543 590 2612 ἔπειτ’
607 2545 792 2630 ἀφικόμενον
802 2545 949 2630 Ἀθήναζε
963 2545 1003 2631 μὴ
1017 2552 1127 2632 τολμᾶν

113 2643 296 2726 σοφιστεύειν
319 2698 325 2711 .
346 2699 353 2713 .
374 2695 408 2712 ..
437 2648 601 2728 ἐμμίσθους
629 2648 648 2709 d
654 2642 662 2668 ’
688 2641 846 2729 ἀκροάσεις
873 2653 1038 2726 ποιεῖσθαι,
1066 2641 1127 2709 εἶτα

115 2741 296 2827 συγγράφειν
322 2742 429 2827 λόγους
462 2741 633 2820 δικανικοὺς
660 2752 721 2819 τοῖς
748 2739 970 2826 ἀδικουμένοις·
1002 2740 1049 2808 διὸ
1077 2742 1128 2805 καλ

113 2836 165 2904 τὸν
182 2843 302 2922 Τίμωνα
322 2842 415 2904 εἰπεῖν
433 2836 479 2904 ἐπ’
496 2838 589 2906 αὐτοῦ
604 2837 663 2927 (sic
676 2836 803 2923 Bm·
819 2838 860 2921 «ἥ
874 2837 900 2903 ι’
917 2874 956 2884 -
974 2836 1126 2922 γράψαυ».
1154 2871 1158 2879 ·

182 2996 208 3032 v.
230 2983 244 3030 1
264 2973 317 3044 ἔτι]
336 2976 385 3030 καλ
404 2975 436 3030 F
450 2977 460 3044 ΙΙ
487 2996 512 3032 v.
534 2983 558 3032 1.
577 2983 594 3031 Ξ
613 2972 787 3046 προσσάοιος
805 2977 833 3031 Β
857 2977 867 3045 l
893 2993 919 3030 v.
940 2980 954 3027 1
974 2970 1070 3043 πρόσω
1090 2972 1129 3028 1²¹

112 3066 173 3135 (aed
190 3065 265 3122 inter
284 3084 300 3119 o
319 3068 348 3121 ct
367 3080 383 3117 σ
400 3063 518 3122 fortasse
537 3082 574 3118 m.
593 3069 610 3119 3
630 3080 730 3134 sprsor.
750 3083 779 3131 ρ,
798 3064 890 3119 voluit
906 3062 995 3132 igitur
1012 3059 1127 3130 πόρσω),

111 3187 205 3258 πρόσω
224 3189 285 3261 HQ
296 3191 328 3259 V,
346 3159 384 3258 edo
404 3187 440 3258 F,
459 3184 556 3257 πόρσω
575 3186 601 3242 G
619 3189 628 3257 ΙΙ
648 3205 675 3243 v.
695 3193 711 3240 2
730 3187 809 3250 οἴους
827 3186 937 3256 scripsi:
957 3183 1017 3248 οἷος
1033 3183 1100 3240 libri
1118 3184 1123 3257 l

113 3274 260 3347 ξινοφόαν
277 3279 336 3335 GV
352 3281 381 3335 et
398 3280 415 3347 f
423 3273 440 3348 Ἰ
466 3271 484 3346 ἥ
507 3271 534 3330 τ’
555 3277 666 3346 Roeper
683 3275 784 3345 philol.
798 3274 838 3330 HI
851 3280 940 3346 pase:
963 3270 1022 3343 ἣτ’
1037 3275 1066 3329 Β
1081 3280 1124 3344 62,

112 3358 157 3432 ἤι’
176 3365 216 3419 P¹
234 3372 282 3437 ιι,
301 3363 361 3436 ἥτ’
380 3368 409 3422 Β
429 3372 463 3422 ea
485 3363 564 3421 σοι
583 3365 618 3419 Η
632 3369 667 3420 ea
688 3362 728 3418 1²¹
746 3368 790 3435 σι,
814 3365 870 3436 Ρρ
889 3369 932 3431 οι,
951 3361 1018 3429 fos
1038 3366 1067 3421 et
1084 3369 1127 3430 ea,

112 3445 173 3520 ἣτ’
189 3452 267 3510 Hos
288 3458 360 3528 ρει
383 3457 556 3525 Vasates,
576 3449 628 3510 αι’
644 3454 675 3509 F
688 3459 731 3525 ae,
751 3455 793 3509 εει
810 3457 890 3525 (corr.
905 3453 936 3506 in
953 3445 971 3520 ἤ
986 3448 1026 3523 τ’)
1041 3453 1072 3509 F
1084 3458 1128 3520 οι,

1129 3768 1170 3777 ..--
