2466 3832
469 178 506 186 -
555 141 620 206 202
670 178 706 186 -
904 163 1009 208 morus
1025 167 1103 207 rur

79 297 237 388 (ἄδελφεό)
257 323 330 366 esse.
358 304 439 364 idem
457 305 579 365 videtur
591 306 778 383 peculiarem
791 302 858 382 περὶ
873 299 973 366 αὐλῶν
987 307 1106 367 librum

80 404 282 483 composuisse
305 394 430 484 (Athen.
455 402 499 461 IV
520 424 549 480 p.
576 396 682 484 184⁰),
717 423 808 481 quem
839 406 942 464 tamen
975 405 1104 482 quidam

80 503 244 563 uoluerunt
262 501 301 560 ad
315 501 534 579 Mytilenaeum
552 502 762 580 cognominem
781 492 895 582 (quode
914 502 984 562 vide
1000 502 1104 565 Laert.

80 599 255 678 DiogVIII
270 591 326 680 82)
341 600 461 658 referre.
488 603 561 659 utut
579 604 634 677 est,
653 599 864 677 Pythagoreus
886 632 923 640 —
949 601 1053 677 quoad
1067 620 1104 660 ex

80 697 249 759 Ptolemaei
272 701 304 756 et
321 697 482 774 Porphyrii
504 697 687 757 testimoniis
706 697 835 756 iudicari
852 701 955 774 potest
977 730 1016 740 -
1039 698 1105 777 egit

33 802 35 806 ’
80 796 274 875 potissimum
296 795 333 854 de
356 795 544 855 diastematis
568 787 615 876 (in
638 795 765 854 Ptolem.
785 795 801 853 I
820 797 839 854 5
859 816 887 871 p.
909 788 999 876 267),
1026 815 1104 873 quae

83 895 143 955 tria
162 894 288 972 agnovit
307 885 492 969 ἐναρμόνιον,
512 886 705 970 χρωματικόν,
725 886 893 952 διατουιιιόν
912 883 1006 973 (Ptol.
1026 893 1042 951 I
1063 895 1103 952 12

81 1014 109 1071 p.
130 995 171 1053 32
193 996 223 1052 et
241 991 273 1048 in
291 990 418 1049 Ptolem.
437 990 453 1047 I
475 993 515 1048 12
534 1011 564 1067 p.
585 992 662 1067 3103
687 991 794 1049 Boeth.
812 990 832 1048 l.
852 984 903 1072 s.):
928 993 960 1050 et
983 991 1105 1051 studuit

82 1089 275 1168 potissimum
301 1081 333 1147 τὸ
361 1080 434 1145 κατὰ
460 1077 513 1146 τὸν
540 1081 630 1167 λόγον
652 1080 826 1148 ἀκόλουθον
850 1081 1020 1164 διασώζειν,
1048 1081 1105 1149 oda

84 1185 116 1246 ἕν
148 1189 210 1258 ταῖς
240 1183 428 1262 συμφωνίαις
460 1177 554 1261 μόνον
585 1178 657 1244 ἆλλδι
688 1181 739 1244 καὶ
769 1188 829 1245 τῶν
854 1177 1103 1264 τετραχόρδων

84 1281 260 1361 διαιρέσεσιν
292 1276 334 1354 ὡς
366 1280 484 1353 οἰκείοις
513 1284 547 1365 τῇ
578 1276 668 1357 φύσει
693 1285 752 1342 τῶν
780 1280 912 1360 ἐμμελῶν
939 1278 1026 1357 dcccc
1052 1286 1105 1345 τοῦ

85 1378 249 1460 συμμέτρου
268 1382 326 1440 τῶν
345 1373 499 1458 ὑπεροχῶν
518 1371 612 1460 (Ptol.
630 1382 646 1440 I
668 1383 706 1440 12
726 1402 755 1458 p.
772 1382 811 1439 31
835 1385 865 1440 ct
883 1381 914 1439 in
932 1381 1043 1441 Ptoll
1064 1385 1103 1443 12

83 1502 112 1559 p.
138 1471 231 1559 313):
260 1479 291 1537 in
321 1496 381 1556 qua
408 1478 546 1538 doctrina
574 1478 763 1556 explananda
790 1479 896 1539 multis
925 1478 963 1538 de
986 1479 1104 1539 ratione

85 1596 163 1656 quae
185 1577 265 1635 inter
287 1568 416 1653 δποὶτην,
438 1569 633 1653 παρυπάτην,
656 1568 846 1654 παρανήτην,
868 1569 963 1654 νήτην
985 1577 1106 1654 reliqua

85 1676 284 1736 intercederet
307 1671 458 1733 disseruit.
504 1672 574 1732 inde
599 1672 696 1751 igitur
717 1673 834 1733 facturn
856 1677 893 1733 ut
915 1674 967 1751 τῆς
990 1666 1107 1753 ὑπάτης

85 1770 182 1850 ἔριδος
206 1763 409 1848 ἐμπειρότατος
432 1768 530 1829 dictus
554 1770 595 1830 sit
617 1771 764 1831 aBione:
787 1771 870 1832 varie
894 1772 975 1831 enirn
998 1771 1036 1832 de
1060 1772 1106 1832 his

85 1868 165 1927 inter
183 1947 184 1951 ρ
200 1867 345 1942 musicos,
387 1866 556 1943 Archytam
592 1867 784 1943 potissimum
821 1874 853 1928 et
888 1868 1107 1931 Aristoxenum

25 1978 70 2053 ο
86 1965 300 2042 disputabatur
327 1955 378 2044 (cf.
401 1964 550 2024 Boethius
573 1966 592 2023 l.
617 1985 640 2025 s.
663 1966 692 2022 V
718 1959 872 2048 16—18).
919 1985 1107 2046 quamquam

85 2064 160 2123 haec
184 2081 305 2141 quoque
331 2093 368 2102 -
394 2065 430 2121 ut
452 2066 534 2122 recte
556 2062 708 2123 intellexit
730 2064 854 2124 Roscius
878 2083 984 2124 comm.
1004 2066 1106 2126 Laert.

75 2182 114 2242 p.
130 2163 171 2220 82
195 2193 232 2202 -
255 2159 396 2238 ambigue
419 2160 552 2220 innuunt
576 2180 645 2220 eum
668 2179 854 2221 summarum
872 2162 1008 2221 rixarum
1026 2162 1105 2239 peri-

87 2259 240 2320 tissimum
262 2259 364 2318 fuisse.

155 2356 295 2418 Ceterum
322 2358 372 2418 vel
399 2357 455 2416 hoc
483 2356 661 2416 brevissimo
686 2358 857 2435 fragmento
882 2356 1033 2418 evincitur
1057 2357 1106 2416 Ti·

86 2473 176 2516 mone
203 2474 264 2514 non
291 2456 391 2514 minus
420 2454 567 2514 audacem
589 2454 750 2514 verborum
773 2454 987 2514 fabricatorem
1010 2455 1106 2514 fuisse

88 2553 228 2613 Bionem:
261 2546 438 2630 ὀλβιότνφος
464 2553 540 2612 bene
563 2553 680 2612 factum
704 2551 811 2612 estad
833 2568 972 2611 normam
995 2551 1106 2611 Home·

87 2650 144 2709 rici
185 2642 385 2727 δλβιοδαίμαν
431 2641 482 2730 (ut
517 2650 645 2727 Amphis
683 2650 857 2710 helluonem
893 2642 1107 2727 ὀλβιογάστορα

89 2739 194 2828 dixit);
218 2747 270 2805 sed
288 2741 477 2825 ψαλληγενής
495 2748 534 2806 ad
551 2748 724 2824 exemplum
742 2746 827 2808 verbi
845 2740 1024 2825 μοιρηγενής
1043 2737 1107 2827 (vel

89 2833 278 2922 μελιηγενής,
302 2845 338 2902 ut
361 2846 407 2902 est
430 2843 512 2920 apud
535 2843 731 2921 Apollonium
754 2836 920 2924 Rhodium)
943 2843 1108 2903 infeliciter

89 2944 236 3004 nouatum
267 2945 304 3000 ut
336 2939 558 3019 significaretur
592 2943 681 3003 homo
713 2943 752 3001 ad
783 2941 976 3018 psallendum
1007 2944 1106 3001 natus.

89 3041 212 3104 videtur
237 3058 309 3100 uero
337 3039 384 3098 his
412 3039 555 3116 epithetis
580 3040 686 3100 acerbe
709 3039 874 3117 perstringi
896 3041 986 3099 homo
1010 3040 1106 3116 philo·

90 3139 203 3217 sophus
222 3138 259 3198 de
278 3137 368 3198 rebus
388 3139 575 3216 gravissimis
589 3137 819 3213 mathematicis,
838 3136 980 3214 physicis,
1000 3136 1107 3197 ethicis

90 3237 263 3316 dogmatica
295 3237 457 3296 securitate
490 3227 698 3317 (ὀλβιότυφος)
730 3235 886 3311 disserens,
920 3253 989 3294 cum
1017 3237 1108 3293 natus

90 3336 252 3411 factusque
281 3335 322 3393 sit
351 3333 390 3391 ad
421 3332 568 3392 musicam
595 3331 801 3408 exercendam,
836 3331 888 3390 sed
915 3348 1110 3407 nequaquam

91 3430 131 3491 ad
152 3449 254 3490 rerum
276 3429 437 3490 veritatem
459 3430 710 3508 investigandam.

501 3603 700 3632 -—Q00-——
