2466 3832
479 117 697 181 ..61-

80 279 253 355 stobaeum,
277 280 325 338 ecl.
348 280 380 338 H
406 278 447 356 1,Ι
462 281 502 339 18
526 300 554 355 p.
581 282 609 356 6,
635 283 675 339 14
699 276 863 361 Wachsm.)
892 283 965 342 haec
988 284 1094 343 habet:

79 370 274 453 Ξενοφάνους
299 370 417 454 πρώτον
446 370 532 455 λόγος
558 365 652 452 ἦλθεν
682 374 723 447 εἰς
749 370 819 448 τοὺς
837 371 984 457 Ἕλληνας
1012 376 1095 454 άξιος

77 475 195 554 γραφῆς
227 467 297 550 άμα
324 471 455 554 παιδιᾷ
486 467 546 544 τάς
575 492 609 531 τε
639 474 708 531 τῶν
731 466 845 532 άλλων
867 465 997 551 τόλμας
1019 475 1092 537 ἔπι-

77 560 300 648 πλήττοντος
321 568 371 631 καὶ
392 563 447 647 τὴν
466 562 558 630 αὑτοῦ
571 562 770 647 ’παριστάντος
788 561 956 648 εόλάβειαν,
979 566 1019 644 ὡς
1036 568 1094 650 άρα

78 660 150 740 θεὸς
177 663 233 744 μὲν
259 661 322 729 οἶδε
348 661 403 745 τὴν
431 659 592 744 άλήθειαν,
625 659 715 739 δάκος
743 659 770 725 d’
796 663 845 726 ἐπὶ
872 670 944 728 πάσι
966 665 1094 730 τέτυκται

80 757 130 847 (fr.
156 766 198 823 14
221 758 383 844 Karsten).

145 859 273 921 Constat
301 862 443 938 igitur'a
465 861 648 937 Xenophane
677 861 805 937 scriptos
834 880 897 921 esse
921 863 1005 921 sillos
1028 863 1046 921 i.
1071 883 1094 923 e.

80 959 214 1017 carmina
237 957 347 1035 quibus
367 958 523 1016 Thaletem
542 957 749 1036 Pythagoram
767 959 975 1035 Epimenidem
997 961 1094 1036 philo-

81 1057 205 1136 sophos,¹
219 1047 428 1135 ὃογματιιιοός,
456 1055 621 1115 Homerum
644 1056 869 1132 Hesiodumque
896 1059 1002 1132 poetas
1031 1057 1097 1136 δογ-

79 1146 219 1229 ματικοός
246 1154 407 1229 praecipue
436 1157 560 1229 propter
582 1172 739 1229 perversas
763 1153 799 1211 de
822 1153 885 1212 deis
909 1155 1096 1215 narrationes

81 1253 112 1309 et
135 1250 290 1325 opiniones
314 1251 534 1327 vituperaverit
557 1250 692 1311 versibus
714 1251 895 1310 hexametris
913 1252 1098 1333 passimper

83 1346 258 1406 Homericos
276 1347 417 1424 parodias
436 1347 595 1424 distinctis,
613 1350 649 1406 ut
667 1347 769 1407 videre
788 1351 835 1405 est
852 1346 884 1404 in
898 1347 1096 1423 reliquiarum

84 1462 176 1520 qnam
199 1444 313 1503 subieci
336 1445 519 1504 collectione.

146 1539 303 1616 Adscripsi
326 1544 429 1600 autem
452 1541 528 1599 sillis
552 1558 588 1598 ea
609 1542 730 1598 tantum
749 1538 919 1615 fragmenta
938 1559 1016 1616 quae
1034 1559 1096 1599 cer-

79 1637 199 1696 tissima
216 1638 419 1698 cavillationis
438 1638 568 1715 vestigia
585 1655 658 1714 prae
672 1655 704 1695 se
718 1637 826 1712 ferant,
845 1637 932 1696 omisi
946 1655 1095 1714 quaecun-

83 1753 143 1812 que
166 1734 290 1793 carmini
312 1732 379 1811 περὶ
407 1729 525 1811 φάσεως
549 1734 651 1794 eadem
674 1734 722 1793 vel
745 1734 856 1792 maiore
881 1733 1096 1810 probabilitate

82 1831 210 1891 attribui
223 1824 427 1913 potuerunt).
450 1850 573 1910 prorsus
588 1834 691 1890 autem
705 1831 854 1890 incertum
868 1835 914 1890 est
928 1832 1010 1909 qnod
1020 1834 1096 1892 sillis

82 1928 277 1989 coniectando
296 1929 471 2006 adsignavit
485 1929 519 1989 d.
534 1928 717 2005 Dindortius,
736 1928 839 2005 quiin
858 1926 967 1988 Herod.
986 1950 1017 1990 π.
1031 1951 1096 2007 μον.

83 2022 138 2098 λάξ.
161 2046 190 2102 p.
217 2030 249 2102 7,
276 2028 315 2084 11
343 2019 424 2103 παρά
444 2019 647 2103 Ἀριστοφάνει
671 2021 703 2083 ἕν
727 2023 895 2083 δινσίλλωνι
918 2016 1096 2105 (δινσλλλοιν,

85 2126 121 2181 ut
142 2113 254 2201 nunc2)
284 2127 411 2200 constat,
435 2123 499 2183 cod.
523 2114 719 2201 Havniensis)
742 2118 792 2180 καὶ
815 2114 1008 2198 ἐπιθυμήσειε
1030 2116 1096 2193 νέος

83 2219 138 2295 νῆς
160 2211 352 2294 ἀμφιπόλοιο,
375 2222 537 2295 postquam
560 2219 591 2276 in
609 2218 676 2294 ipsa
694 2208 858 2295 editione3)
878 2218 940 2276 alia
959 2218 1095 2295 correxit,

152 2388 178 2456 1)
198 2387 343 2452 Quaedam
360 2386 422 2456 ipse
441 2386 471 2440 in
490 2385 634 2456 proeodosi
653 2386 706 2440 etsi
722 2384 882 2439 dubitanter
896 2383 996 2452 adieci,
1015 2385 1093 2439 velut

80 2465 113 2520 fr.
132 2471 148 2520 λ
167 2466 197 2520 et
215 2471 231 2519 5
249 2466 393 2533 Karsteni3
422 2466 508 2520 etiam
536 2482 569 2520 ex
593 2464 678 2519 (ilem.
702 2465 789 2532 Alex„
816 2470 907 2520 strom.
931 2463 984 2518 Vll
1007 2469 1037 2532 4,
1061 2469 1095 2518 22

80 2562 107 2615 p.
126 2550 192 2613 aba,
217 2550 234 2600 8
259 2546 350 2615 Sylb.;
378 2564 405 2614 p.
426 2550 477 2600 841
501 2545 576 2600 Pott.
601 2544 763 2615 (Theodec,
787 2544 835 2600 Gr.
859 2545 905 2613 off.
927 2560 984 2599 cur.
1003 2543 1044 2598 III
1063 2550 1096 2598 ‘12

80 2640 108 2695 p.
121 2630 171 2694 49,
190 2627 235 2695 39)
264 2627 292 2680 et
318 2626 485 2693 Plutarcho,
512 2627 545 2680 de
571 2626 709 2696 superstit.
732 2640 756 2680 c.
777 2630 809 2679 13
831 2644 858 2694 p.
880 2624 947 2680 171Ε
972 2626 1096 2693 (amator.

81 2720 104 2759 c.
120 2709 162 2773 18,
181 2705 223 2759 Ic.
241 2709 267 2760 et
286 2704 357 2759 Osir.
374 2721 396 2761 c.
412 2708 457 2773 70)
476 2705 603 2760 sillorum
622 2720 717 2760 versus
738 2703 863 2774 exsculpi
880 2722 962 2774 posse
981 2703 1096 2759 credidi.

82 2782 210 2838 barbaris
229 2785 368 2852 quaedam
386 2784 508 2839 numeris
526 2783 642 2839 inclusit
660 2782 810 2851 Boethius,
830 2783 923 2840 Geecb.
942 2785 968 2838 d.
988 2784 1096 2841 ateodl.

82 2862 184 2918 Pbs'loa
203 2863 229 2917 II
249 2863 278 2917 2²
298 2864 360 2917 adn.
381 2868 443 2917 240.
481 2879 636 2932 anonymus
659 2879 757 2917 censor
776 2861 816 2931 (in
834 2863 964 2917 Zamckii
985 2863 1093 2931 epham.

81 2941 138 2997 litt.
156 2947 226 2998 1859
245 2960 272 2996 n.
292 2948 327 2997 48
344 2961 372 3011 p.
393 2946 455 3010 768)
480 2941 652 2996 desideravit
674 2942 758 2996 etiam
778 2941 899 2997 alterum
917 2940 1096 3012 Xenophanis

80 3035 200 3088 vamum,
218 3038 302 3090 quem
315 3021 490 3076 Herodianus
504 3040 531 3090 p.
542 3027 595 3075 296
609 3023 638 3075 et
652 3020 738 3075 ceteri
751 3021 788 3074 ad
801 3021 836 3075 fr.
849 3021 889 3075 IV
902 3021 1031 3076 adnotati
1048 3037 1095 3075 au·

81 3102 172 3156 atores
187 3101 333 3170 proferunt
351 3096 465 3154 ὁππόσα
484 3097 519 3168 δὴ
537 3104 669 3168 θνητοῖσι
687 3097 850 3168 πεφύκασιν
866 3100 917 3170 (sio
931 3099 991 3154 cod.
1006 3098 1095 3154 Paris.

82 3179 280 3251 Choerobosci)
304 3175 493 3249 εἰσοράασθαι
516 3177 587 3246 (scil.
606 3178 676 3232 haec
695 3179 827 3234 mortales
847 3178 890 3233 dis
909 3178 1093 3244 adscribunt):

80 3263 171 3328 recte,
192 3261 215 3315 si
233 3261 303 3316 haec
322 3259 357 3315 de
374 3259 497 3312 Homero
515 3254 693 3324 Hesiodoque
713 3259 780 3310 sunt
798 3256 887 3324 diota,
907 3255 982 3324 quod
999 3260 1096 3311 tamen

81 3339 235 3410 ignoratur.

87 3482 88 3487 η
152 3419 180 3487 2)
199 3417 240 3474 Cf.
258 3418 446 3490 Egenolffium
470 3417 501 3471 in
524 3433 594 3473 mus.
614 3415 703 3470 Rhen.
724 3414 827 3470 XXXV
845 3435 872 3486 p.
894 3419 954 3471 100.

152 3499 179 3566 3)
199 3498 317 3567 praefat.
336 3514 362 3566 p.
379 3504 395 3552 6
414 3496 571 3552 coniecerat
589 3495 635 3551 vel
647 3489 843 3566 Ἀριστοφάνει
858 3491 889 3550 ἐν
905 3493 1115 3565 hebetantem
