2466 3832
104 210 154 250 nc.
169 210 238 251 xxx.
253 211 328 250 xxm
494 225 536 235 -
584 190 648 254 139
695 225 736 236 -

563 379 663 438 XXXI

195 497 305 573 δοκεῖς
327 520 399 580 μοι,
424 490 442 562 3
467 496 502 562 ἐκ
524 500 660 581 γενετῆς
684 514 720 562 σε
743 496 901 581 κέκληκεν

150 595 171 686 ῆ
194 599 318 688 μῆτηρ,
343 597 434 668 εἷναί
453 625 510 687 μοι
533 600 635 681 καλός
657 627 692 670 τε
715 601 817 688 μέγας
839 627 882 668 τε.

400 786 521 828 HOMERI
542 787 682 829 DETOR'I'I
705 785 822 847 VERSYS

104 883 169 937 inv.
180 888 203 937 1.
214 888 242 938 2:
262 888 304 938 οὗ
321 878 444 953 Ἀρναῖος
461 879 490 938 δ’
507 881 590 955 ὄνομ’
606 883 684 941 ἔσκε
703 882 735 941 τὸ
750 882 805 956 γὰρ
819 883 889 939 θέτο
907 879 1012 939 πότνια
1026 880 1116 954 μήτηρ

292 978 308 1028 6
327 967 360 1027 ἐκ
378 973 506 1042 γενετῆς·
527 964 600 1043 Ἰρον
619 972 651 1028 δὲ
671 977 727 1029 κτλ.

104 1058 135 1113 in
147 1065 214 1115 πλε
239 1062 324 1116 Φ108
344 1060 379 1114 al.
400 1059 484 1124 καλός
501 1079 531 1116 τε
551 1059 639 1131 μέγας
657 1081 686 1116 τε
707 1061 816 1132 (eadem
835 1079 931 1117 versus
951 1061 1027 1131 sede)

171 1253 257 1296 nasu.
283 1236 495 1296 Athenaeus
514 1237 558 1296 IV
576 1259 605 1315 p.
627 1239 704 1298 160ο
719 1256 761 1314 sq.
790 1231 826 1297 σὺ
846 1235 879 1297 δέ
901 1262 961 1318 μοι
985 1239 1118 1316 δοκεῖς,

107 1323 130 1394 oi
153 1328 322 1412 Κύνουλκε,
338 1329 441 1416 τούτῳ
464 1328 521 1414 γὰρ
543 1335 652 1415 χαίρεις
674 1337 714 1419 τῷ
737 1328 873 1412 ὀνόματι,
905 1331 941 1397 οὐ
965 1331 1121 1416 λεγόμενος

49 1458 53 1467 ·
108 1424 166 1513 (sic
180 1433 287 1508 scripsi
298 1452 354 1510 pro
368 1427 486 1513 λέγων),
499 1425 516 1491 ii
532 1430 569 1492 ἐκ
582 1434 727 1511 γενετῆς
741 1447 778 1490 σε
791 1424 810 1509 ῆ
827 1425 941 1511 μῆτηρ
959 1430 1120 1511 κέκληκε,

104 1522 179 1588 κατὰ
205 1523 257 1590 τόν
283 1523 337 1590 τὸν
363 1529 500 1608 Τίμωνα,
533 1522 627 1589 εἷναί
657 1551 715 1607 μοι
743 1522 849 1601 καλός
876 1550 910 1588 τε
938 1527 1045 1609 μέγας
1071 1551 1120 1605 τε,

106 1619 161 1687 οὐκ
178 1620 370 1704 ἐπιστάμενος
388 1620 432 1688 ότι
450 1621 558 1707 κόγχος
575 1619 657 1705 παρὰ
674 1622 804 1709 προτέρῳ
824 1617 909 1707 (παρ’
931 1619 1060 1709 ὁποτέρῳ
1074 1620 1120 1709 Α)

106 1717 223 1801 μνήμης
244 1717 398 1802 τετύχηκεν
417 1717 587 1803 Ἐπιχάρμῳ
610 1727 667 1784 κτλ.

172 1919 268 1961 coum.
304 1900 407 1978 Vulgo
435 1904 547 1977 putant
571 1900 704 1959 Timonis
733 1919 797 1960 esse
824 1902 889 1960 sola
917 1902 1009 1963 verba
1031 1896 1120 1974 καλός

88 1998 134 2057 ’τε
153 1984 244 2079 μέγας
259 2019 301 2075 τες
319 1998 482 2057 manifeste
499 2002 602 2058 icmen
617 1998 710 2056 eiiam
729 1998 821 2059 ineis
841 2018 918 2075 quae
937 2000 1120 2059 antecedunt

106 2095 266 2155 Homerica
291 2096 430 2174 perodio,
463 2114 556 2174 quam
582 2096 749 2155 necessario
778 2095 817 2154 ad
845 2096 972 2155 eundem
998 2099 1121 2172 poetam

108 2192 229 2252 referas.
262 2192 331 2251 dein
349 2194 514 2254 rectissime
533 2193 715 2268 MeinekiuS,
740 2193 818 2250 anal.
838 2193 877 2251 ad
894 2192 1004 2252 Athen.
1019 2214 1047 2269 p.
1065 2195 1119 2253 76:

107 2284 192 2349 ‘haec
215 2309 284 2348 cum
306 2291 464 2349 noiissima
482 2290 606 2350 Homeri
628 2289 720 2350 verba
744 2290 817 2366 sini,
840 2309 901 2349 non
919 2293 1047 2367 apparet
1067 2309 1121 2348 cur

107 2406 143 2447 ea
161 2407 197 2447 ex
215 2387 341 2447 Timone
359 2388 533 2448 afferantur.
569 2407 667 2464 neque
691 2389 730 2446 ad
751 2388 931 2470 senientiam
950 2392 1022 2464 apte
1041 2391 1120 2464 suni,

106 2503 184 2562 quae
211 2485 382 2547 convicium
408 2504 469 2545 non
496 2487 617 2548 leudem
643 2486 789 2562 postulat.
835 2486 939 2563 itaque
967 2486 999 2543 in
1021 2484 1121 2546 verbis

106 2603 157 2658 μοι
182 2574 272 2654 καλός
299 2584 411 2664 vitium
437 2585 531 2643 latere
558 2583 688 2645 videtur.
736 2584 852 2644 accedit
880 2585 961 2660 quod
983 2605 1033 2662 μοι
1060 2584 1122 2642 iam

106 2695 199 2754 supra
211 2675 336 2738 adfuii'.
369 2681 443 2758 quid
460 2681 505 2739 rei
524 2681 565 2739 sit
586 2680 763 2757 perspicies,
787 2680 814 2738 si
836 2683 936 2740 totum
960 2681 1122 2740 senientia-

105 2794 175 2834 rum
194 2793 340 2834 conexum
358 2778 564 2838 consideraris.
593 2778 714 2836 locutus
729 2782 795 2837 ereb
809 2777 970 2857 OynulcuS,
989 2798 1068 2840 unus
1087 2798 1123 2838 ex

108 2870 363 2950 deipnoscphisiis
382 2875 435 2951 qui
454 2874 535 2950 apud
553 2874 753 2934 Laurentium
771 2880 980 2954 convenerant,
999 2878 1123 2954 cynicus

108 2989 226 3048 semper
247 2970 378 3030 hominis
400 2971 596 3049 impudentis,
624 2974 849 3052 conviciatoris,
881 2975 998 3035 voracis
1020 2993 1122 3051 perso·

107 3087 178 3127 nam
197 3086 298 3145 agens,
321 3068 374 3145 qui
391 3086 496 3127 verum
514 3087 603 3127 suum
622 3070 772 3130 Theodori
790 3091 898 3132 nomen
918 3072 1123 3131 dissimulasse

111 3165 237 3244 fingitur
266 3170 298 3225 et
323 3165 467 3224 maluisse
491 3166 639 3243 appellari
660 3170 836 3240 Κονοῦλκος
858 3170 877 3228 i.
902 3189 926 3229 e.
950 3169 1124 3245 cynicorum

111 3263 180 3322 dux.
212 3264 265 3322 ille
283 3264 381 3342 igitur
398 3264 528 3322 iusserat
546 3262 604 3322 sibi
620 3264 687 3324 dari
704 3259 758 3343 τῆν
776 3261 1004 3343 πολυθρύλητον
1022 3267 1125 3341 φακῆν

108 3362 139 3419 ελ
160 3354 211 3421 τὸν
233 3356 418 3440 καλούμενον
436 3354 552 3440 κόγχον.
595 3382 654 3438 quo
678 3364 760 3424 facto
785 3383 854 3423 cum
876 3363 1019 3424 convivae
1043 3361 1135 3442 risis-⁴

110 3462 189 3534 sent,
213 3459 406 3520 vehementer
428 3458 459 3516 in
483 3476 534 3518 eos
556 3459 694 3520 invectus
718 3464 764 3519 esi
783 3459 864 3539 quod
884 3459 1017 3518 Timonis
1040 3458 1125 3518 sillos

109 3555 297 3633 ignorarent,
330 3555 507 3634 inquibus
539 3551 648 3636 κόγχον
680 3558 764 3618 illius
795 3557 909 3618 mentio
938 3557 1028 3614 iacis,
1053 3561 1142 3612 esras³
