2466 3832
192 779 273 857 Silli,
298 779 429 840 Graecae
452 798 579 858 poeseos
598 797 694 858 genus
712 783 749 840 ut
766 797 822 856 per
840 795 872 838 se
891 777 966 838 satis
985 777 1139 866 singuiaro

125 881 156 938 et
178 879 285 938 subtili
307 879 549 956 perscrutatione
573 879 699 956 dignum
721 879 767 938 ita
789 875 924 936 nondum
947 895 983 937 ea
1007 894 1068 954 qua
1090 877 1140 936 de·

124 980 172 1037 cet
195 977 355 1055 diligentia
379 977 569 1054 exploratum
579 969 620 1058 ¹),
644 977 769 1054 quinam
793 978 824 1035 et
847 975 953 1052 quales
976 973 1092 1037 fuerint
1114 973 1140 1033 si

124 1072 300 1150 dignoscere
318 1073 379 1151 vis,
397 1074 519 1143 tribus
537 1075 611 1135 licet
628 1075 686 1135 viis
704 1071 876 1151 procedere.
907 1072 1041 1150 primum
1059 1071 1140 1132 enim

123 1171 237 1247 poteris
264 1171 368 1233 videre
399 1171 472 1248 quid
501 1191 537 1232 ex
564 1172 660 1249 ipsius
688 1171 771 1232 vocis
798 1170 900 1230 radice
929 1172 960 1230 et
986 1171 1140 1247 potestate
1216 1222 1221 1231 .

124 1268 194 1327 elici
217 1272 328 1347 queat,
353 1271 421 1328 tum
448 1288 593 1347 quaerere
622 1288 683 1348 qua
709 1269 828 1329 ratione
852 1287 870 1327 a
894 1267 1016 1327 Graecis
1040 1285 1139 1344 gram-

93 1386 96 1391 ⁴
124 1366 242 1424 maticis
262 1366 401 1424 sillorum
419 1369 530 1427 natura
548 1367 700 1442 descripta
719 1367 773 1442 sit,
796 1366 926 1441 denique
946 1384 983 1423 ex
1001 1364 1140 1423 sillorum

125 1461 263 1538 reliquiis
287 1480 393 1521 eorum
415 1463 547 1539 speciem
569 1463 759 1522 adumbrare.
880 1477 885 1485 ·

193 1557 347 1627 Primam
370 1577 442 1618 sane
465 1560 547 1620 viam
569 1560 722 1637 persecuti
744 1579 853 1637 parum
875 1557 1075 1636 proficiemus.

192 1656 271 1715 Nam
285 1656 403 1730 σίλλος
418 1647 583 1739 (quomodo
598 1658 789 1718 scribendum
804 1649 902 1738 esse²)
922 1655 1034 1716 diserte
1052 1674 1139 1733 prae·

124 1754 205 1832 cepit
227 1753 419 1815 Herodianus
442 1752 508 1834 περὶ
526 1777 591 1833 μον.
611 1751 668 1829 λέξ.
690 1759 843 1834 p.11„26
868 1756 957 1814 Dind.
981 1758 1013 1815 et
1035 1757 1140 1815 καθολ.

125 1851 255 1934 προσῳὸ.
277 1872 306 1928 p.
323 1854 432 1929 158,1
458 1845 577 1934 Lenta.)
601 1854 675 1931 quid
698 1852 849 1932 significet
872 1852 1047 1913 certissimis
1070 1870 1140 1912 cou-

125 1953 193 2010 stat.
218 1949 415 2035 testimoniis,
447 1951 586 2028 quamvis
618 1950 655 2009 de
687 1951 771 2011 vocis
804 1950 992 2011 derivatione
1023 1970 1092 2008 cum
1122 1967 1141 2007 a

123 2047 278 2107 veteribus
296 2050 364 2105 tum
383 2067 402 2106 a
419 2048 591 2108 recentibus
610 2049 816 2125 grammaticis
822 2040 849 2129 3)
863 2038 952 2108 valde
967 2048 1142 2124 ambigetur

124 2144 156 2203 'et
183 2144 280 2203 adhuc
309 2145 365 2202 sub
393 2145 492 2204 iudice
520 2145 558 2203 lis
583 2144 630 2203 sit.
672 2145 793 2221 proprie
822 2145 903 2203 enim
930 2142 1026 2214 σίλλος
1054 2141 1143 2202 audit

45 2261 48 2266 ·
125 2240 178 2316 qui
209 2241 304 2315 vulgo
336 2231 475 2317 σσροίβος,
508 2241 603 2300 latine
635 2233 785 2322 scooo⁴)-
800 2244 894 2316 atque
922 2239 1081 2300 σιλλαίνειν
1109 2243 1142 2299 et

196 2430 223 2495 1)
250 2426 377 2495 Egerunt
404 2423 439 2480 de
468 2425 508 2480 eis
537 2418 566 2480 O.
585 2425 606 2479 I.
627 2423 730 2479 Strand
760 2423 819 2479 ‘De
847 2425 934 2480 sillis’
964 2424 1037 2495 disp.
1060 2424 1140 2480 acad.

123 2506 257 2576 praeside,
273 2507 333 2563 Pet.
353 2505 539 2562 Eckermann.
573 2505 772 2576 Vpsal.1746;
804 2507 839 2561 Is.
862 2505 908 2563 Fr.
931 2504 1140 2575 Langheinrioh

126 2586 183 2643 ‘De
201 2585 318 2643 Timone
338 2580 529 2657 sillographo’
551 2585 616 2640 diss.
635 2584 649 2639 I
667 2583 754 2655 (Lips.
776 2588 856 2656 1220)
875 2603 903 2656 p.
918 2591 1038 2654 28-363
1057 2583 1087 2651 Ε.
1105 2587 1139 2640 Δ·.

123 2666 242 2722 Woelke
263 2667 322 2721 ‘De
341 2664 512 2723 Graecorum
529 2663 616 2721 sillis'
636 2663 753 2720 Varsov.
774 2670 856 2733 18203
874 2665 905 2722 F.
923 2665 995 2719 Paul
1014 2664 1072 2721 ‘De
1091 2663 1140 2720 sil-

122 2746 158 2801 lis
178 2746 364 2802 Graecorum’
384 2746 506 2803 Bcrolin.
527 2751 609 2812 18213
633 2743 666 2800 Α.
681 2746 803 2802 Weland
823 2746 881 2802 ‘De
899 2745 1021 2816 praecip.
1041 2745 1139 2815 parod.

123 2827 236 2884 Homer.
257 2827 439 2897 scriptoribus
458 2844 503 2897 ap.
522 2825 580 2881 Gr.i
602 2824 739 2896 (Gotting.
751 2827 831 2895 1833)
845 2844 873 2896 p.
885 2831 1004 2891 15-213
1024 2829 1139 2878 50-58.

195 2905 389 2977 2)·Falluntur
401 2906 489 2976 igitur
502 2904 681 2966 Tittmannus
696 2904 732 2958 ad
746 2906 845 2960 Zonar.
859 2924 888 2976 p.
900 2909 969 2959 1648
984 2906 1014 2958 et
1023 2901 1138 2958 Paulius

123 3005 151 3057 p.
167 2993 198 3042 11
218 2989 277 3043 not.
292 2987 311 3041 f.
412 2999 417 3006 ·
989 3042 995 3055 ‚

196 3068 223 3136 3)
242 3066 395 3121 Multorum
410 3063 586 3134 opinationes
601 3062 743 3132 congessit
754 3063 871 3119 Paulius
884 3080 912 3132 p.
924 3069 1021 3131 7-18‚
1037 3063 1138 3133 quibus

126 3145 232 3200 adicias
254 3142 428 3200 Doederlinii
448 3143 637 3198 commentum
661 3142 738 3210 quod
759 3141 908 3214 proposuit
930 3142 975 3199 Dc
992 3143 1077 3212 alpha
1094 3143 1139 3197 aa·

124 3227 228 3282 trasico
245 3242 322 3281 serm.
344 3223 394 3280 Gr.
412 3240 440 3292 p.
457 3227 504 3289 183
523 3223 619 3276 cetera
635 3238 853 3278 commemorare
871 3221 977 3279 taedet.

198 3308 225 3376 4)
249 3304 334 3376 Apud
352 3302 520 3371 Lucianum,
538 3302 694 3372 Leaeiptcu.
714 3309 730 3357 ³
752 3301 783 3356 in
805 3301 885 3357 libris
909 3302 954 3356 est
972 3296 1027 3372 ἐγώ
1048 3303 1139 3366 σίλλος

47 3394 55 3405 “
125 3387 210 3454 (nunc
234 3381 307 3447 ίλλός
332 3384 433 3455 legunt
455 3382 505 3438 sed
533 3381 624 3444 σίλλος
651 3379 778 3436 defendit
798 3380 969 3437 Fritzschius
993 3382 1029 3437 ad
1051 3381 1138 3438 Arist.

126 3460 230 3521 Πίσωνι.
245 3481 271 3520 v.
285 3465 337 3520 846
347 3482 375 3534 p.
386 3466 458 3533 327),
477 3454 499 3518 oi
514 3459 646 3535 δέσποτα,
660 3457 815 3531 γεγένημαι
828 3458 862 3516 σὲ
873 3459 1161 3530 sepissimopim
