2466 3832
493 159 711 221 ...79-

97 316 202 399 νικαῦ)
222 317 394 400 γενομένου,
413 321 603 380 Nietzsohius
623 322 763 380 similiter
780 324 833 381 τοῦ
850 320 900 382 καὶ
921 316 1013 384 edred
1030 343 1113 404 γενο-

98 416 188 494 μένου
204 414 386 497 <κανικοῦ>;
405 423 508 478 tamen
526 438 586 478 non
604 417 774 478 mutatione
792 419 845 478 sed
861 419 1111 497 interpretatione

98 537 173 595 opus
194 537 259 578 esse
281 518 416 577 Massiua
437 518 600 595 perspexit,
624 517 676 594 qui
700 517 803 576 doouit
821 516 987 594 Diogenem
1009 520 1111 596 negle·
1161 578 1164 582 Α

97 620 203 694 genter
221 616 412 692 descripsisse
431 614 524 676 verba
536 615 660 692 Dioclis,
680 615 762 691 apud
780 633 870 693 quem
889 614 950 673 fuit
967 616 1019 674 τοῦ
1037 609 1110 673 καθ’

96 705 174 790 ἡμᾶς
200 709 362 792 γενομένου
390 703 436 792 (et
462 713 539 774 vixit
566 713 720 790 inpriore
744 713 858 772 saeculi
881 731 907 770 a.
932 710 999 770 Chr.
1023 713 1113 787 primi

97 815 184 887 parte
202 802 347 890 Diocles).
384 811 505 871 sublato
527 812 626 890 igitur
649 830 708 888 qno
732 814 823 870 antea
843 810 989 870 obstricta
1007 814 1039 869 et
1056 809 1112 867 im-

97 909 200 984 pedita
223 913 291 968 erat
312 910 450 986 quaestio
473 910 648 970 testimonio
666 929 702 967 ex
721 909 789 968 aliis
809 908 1011 986 argumentiS,
1035 925 1113 986 quae

98 1007 210 1082 optime
229 1008 369 1084 exposuit
385 1008 574 1066 Nietzsohius
583 999 619 1088 ¹),
643 1008 837 1067 statuendum
860 1011 907 1066 est
929 1007 1027 1066 medio
1050 1007 1113 1066 fere

96 1106 188 1164 tertio
221 1107 341 1165 saeculo
373 1106 550 1181 Menippum
582 1105 704 1182 vixisse,
738 1105 873 1165 Timonis
905 1109 937 1164 et
965 1102 1114 1164 Arcesilai

97 1204 262 1280 aequalem.

163 1310 221 1370 Hio
249 1311 345 1388 igitur
371 1310 544 1386 Menippus,
577 1329 667 1387 quem
699 1310 888 1369 acerbissime
916 1310 1112 1385 philosophos

97 1411 233 1465 mortuos
260 1407 385 1465 irridere
408 1407 545 1465 videmus
568 1407 600 1464 in
622 1407 750 1465 Luciani
777 1407 910 1482 seriptis,
938 1406 1023 1466 vivos
1046 1406 1112 1464 irri-

98 1503 172 1560 sisse
192 1503 332 1561 audimus
350 1523 386 1561 ex
404 1503 539 1578 Diogene
559 1504 640 1578 apud
654 1503 786 1579 Luciam,
804 1507 886 1562 mort.
901 1505 1005 1578 diuloy.
1019 1504 1036 1562 1
1051 1495 1113 1584 1²),

98 1599 277 1674 conseripsit
299 1598 338 1657 ad
359 1600 555 1675 philosophos
577 1599 769 1675 potissimum
794 1600 981 1678 sugillandos
1005 1601 1113 1661 satiras

98 1715 188 1773 prosa
218 1697 354 1756 oratione
377 1697 429 1756 sed
452 1715 518 1756 eam
541 1697 673 1759 variavit
695 1697 839 1756 immixtis
863 1698 974 1757 diversi
997 1697 1114 1776 generis

98 1793 235 1853 versibus
252 1796 386 1871 parodiis
404 1795 531 1855 facetiis.
562 1796 643 1873 quod
660 1796 706 1856 ita
724 1814 787 1856 sese
805 1795 924 1873 habere,
943 1795 1001 1855 etsi
1015 1798 1114 1854 cetera

99 1893 200 1951 omnia
227 1894 364 1954 deessent
390 1895 577 1973 testimonia,
604 1897 666 1954 iam
694 1895 768 1955 satis
795 1896 1053 1955 demonstraretur
1078 1912 1113 1952 eo
1223 1896 1226 1901 '

98 1992 179 2067 quod
202 1991 299 2051 Varro
322 1993 499 2070 Menippeas
522 1999 649 2054 voratus
673 1998 719 2053 est
727 1985 754 2074 ³)
778 1993 816 2053 ob
840 1998 960 2053 saturas
983 1992 1113 2069 oynioas,

99 2108 174 2165 quas
202 2090 255 2148 ille
281 2091 457 2168 Menippeas
484 2082 683 2171 appellavit⁴)
712 2095 744 2150 et
770 2091 954 2166 composuit,
986 2093 1023 2147 ut
1049 2088 1114 2163 ipse

99 2170 155 2261 eit,
180 2179 367 2263 ‘Menippum
389 2188 541 2264 imitatus,
564 2207 625 2247 non
647 2178 921 2266 interpretatus’⁶).

166 2291 251 2360 Quae
268 2291 361 2353 verba
374 2293 464 2352 aliter
477 2293 622 2369 explicari
635 2296 791 2370 nequeunt
803 2291 862 2351 nisi
875 2293 929 2368 ita,
942 2296 979 2350 ut
993 2309 1113 2351 censeas

98 2390 265 2449 Varronem
287 2389 462 2468 Menippeas
485 2392 638 2467 exemplar
660 2389 718 2449 sibi
740 2389 947 2467 proposuisse,
979 2388 1060 2465 quod
1082 2389 1114 2447 in

99 2486 189 2546 rebus
213 2487 351 2547 omnibus
375 2488 578 2566 gravioribus,
601 2489 632 2547 in
655 2491 722 2548 tota
740 2490 851 2547 natura
870 2506 904 2547 ao
922 2486 1024 2546 indole
1047 2485 1113 2544 imi-

100 2586 192 2644 tando
221 2587 407 2662 exprimeret.
448 2586 593 2646 Varronis
625 2591 728 2646 autom
756 2589 877 2645 saturae
906 2618 948 2626 —·
971 2587 1008 2644 ut
1035 2602 1115 2643 nuno

99 2685 219 2742 constat
241 2683 433 2758 potissimum
455 2704 509 2761 per
528 2685 682 2764 egregiam
699 2683 877 2745 Buecheleri
896 2673 1051 2762 operami)
1073 2712 1112 2721 -

175 2944 201 3009 1)
221 2941 397 2996 Nietzsohins
416 2961 475 3013 prg.
496 2963 516 2997 a.
536 2962 571 3010 s.;
598 2944 702 2998 similia
723 2942 860 2998 nonnulla
882 2942 941 2997 iam
958 2939 1115 2995 Frituohins

100 3022 208 3091 proleg.
232 3022 261 3077 in
280 3021 394 3076 Lucian.
411 3039 438 3090 p.
457 3022 602 3078 XXXVIII
624 3022 755 3093 protulit3
782 3023 932 3078 assentitur
954 3019 1114 3076 Nietzsohio

101 3099 238 3169 Zellerns,
257 3103 319 3156 tart.
333 3102 404 3171 paiz.
424 3101 473 3157 Gr.
493 3102 519 3155 il
540 3103 568 3155 1³
585 3121 612 3172 p.
632 3109 684 3157 246
699 3121 739 3170 sq.

173 3195 201 3260 2)
220 3195 278 3246 τῶν
297 3185 448 3260 ἐριζόντων
471 3187 540 3260 πρὸς
564 3186 700 3258 ἀλλήλους
722 3187 887 3257 φιλοσόφων
906 3185 1113 3254 καταγελῶντα.

173 3283 202 3350 3)
221 3280 262 3337 cf.
282 3279 383 3336 Athen.
403 3279 442 3333 IV
461 3297 488 3349 p.
509 3284 585 3346 16003
604 3278 717 3342 Arnon,
736 3278 798 3332 odo.
816 3282 886 3346 gent.
906 3275 945 3329 VI
964 3280 1006 3329 23.

173 3375 202 3441 4)
221 3371 262 3426 of.
283 3369 364 3440 Gen,
382 3375 451 3425 nort.
471 3371 528 3423 Ari.
548 3367 575 3423 ΙΙ
595 3373 640 3433 18;
659 3365 792 3432 Maerob,
810 3369 917 3419 αιλααα.
937 3362 950 3414 Ι
970 3367 1011 3417 11.

173 3460 200 3528 5)
219 3460 293 3527 apud
314 3457 383 3527 oio,
403 3459 481 3513 arad.
496 3457 642 3526 post.18.

174 3550 203 3617 o)
221 3546 295 3603 Vide
313 3548 373 3604 eius
392 3536 657 3602 commentationem
673 3545 896 3614 ‘Demostratum
908 3557 947 3594 raa
958 3539 1127 3593 Uareno
