2466 3832
413 178 416 185 ·
514 195 557 208 -
605 158 669 225 108
715 194 757 205 -
1023 179 1153 224 umorue

133 325 327 388 et'Heinzius
349 324 382 383 in
404 342 509 384 comm.
534 323 636 384 societ.
657 322 765 384 Saron.
783 321 828 380 VI
846 323 905 383 vol.
925 320 1041 396 [1884]
1060 341 1085 382 c.
1105 316 1152 406 4),

133 423 297 484 dummodo
320 423 352 482 in
375 422 604 499 interpretanda
626 420 789 480 beatudine
812 438 882 480 cum
908 420 963 480 illo
991 421 1153 482 consensit.

133 526 226 599 atque
248 513 408 600 ἀταραξίαν
425 519 648 580 Democriteum
666 537 727 578 non
749 518 849 578 solum
867 517 1077 595 comprobavit
1099 519 1154 579 sed
1193 514 1196 518 “

133 619 226 679 etiam
254 619 347 679 auxit.
392 637 464 678 nam
492 621 525 677 et
550 610 582 678 τὸ
606 609 775 693 ἀδιάφορον
798 619 829 676 ct
851 610 996 695 ὅίστοργον
1018 615 1152 693 Pyrrho·

132 719 181 778 nis
212 717 354 778 laudasse
386 716 521 777 traditur
552 706 667 796 (Laeit.
690 713 779 791 Diog.
802 714 847 773 IX
870 705 928 795 63)
957 717 988 773 et
1016 713 1153 773 dolorem

132 817 198 893 ipse
221 815 267 876 ita
289 814 471 891 contempsit
493 815 529 873 ut
551 832 606 889 per
623 811 854 872 Nicocreontem
873 811 966 889 Cypri
983 816 1151 889 tyrannum

132 913 164 972 in
186 911 333 974 mortario
356 913 501 972 contusus
525 910 669 970 effaretur
690 910 847 987 praeclara
865 909 921 968 illa
938 912 971 968 et
988 909 1152 970 decantata

132 1010 226 1072 verba
243 1008 352 1083 πτίσσε,
374 1007 474 1068 πτίσσε
493 1001 544 1068 τὸν
564 1000 747 1087 Ἀναξάρχου
765 999 915 1082 θύλακον,
939 999 975 1066 οὐ
994 999 1051 1086 γὰρ
1068 1005 1152 1066 πτίσ-

132 1123 193 1179 σεις
211 1098 401 1183 Ἀνάξαρχον.
440 1105 533 1164 etiam
555 1105 587 1162 in
609 1105 717 1183 logicis
741 1103 961 1181 quodammodo
985 1102 1153 1164 Democriti

133 1203 266 1281 vestigia
289 1200 450 1280 expressit,
480 1219 551 1261 cum
572 1219 662 1261 sensa
682 1202 773 1278 plane
796 1201 920 1262 fallacia
942 1219 1006 1262 esse
1030 1205 1152 1261 conten·

134 1302 194 1379 dit3
217 1301 282 1378 ipse
306 1300 386 1359 enim
405 1303 437 1360 et
454 1299 645 1359 Metrodorus
663 1301 741 1359 teste
762 1298 853 1359 Sexto
867 1299 954 1375 Emp.
969 1298 1037 1360 adv.
1051 1299 1151 1376 dogm.

134 1398 150 1458 Ι
166 1399 207 1459 88
227 1390 281 1481 (cf.
297 1390 355 1480 48)
378 1394 584 1479 σκηνογραφίαν
601 1389 766 1456 ἆπείκασαν
782 1390 818 1456 τὰ
836 1390 921 1472 ὄντα,
943 1399 1005 1468 τοῖς
1026 1416 1057 1456 τε
1078 1388 1152 1455 κατὰ

135 1489 252 1568 ὕπνους
273 1488 294 1574 ἢ
314 1495 425 1574 μανίαν
446 1493 663 1572 προσπίπτουσι
684 1495 775 1554 ταῦτα
798 1486 971 1572 ὧμοιῶσθατ
990 1486 1151 1573 ὑπέλαβον.

116 1593 336 1679 οἱτυίΙὶλοοραο
360 1611 395 1653 ac
417 1591 609 1652 Democritus
633 1583 684 1672 (fr.
703 1610 776 1653 mor.
796 1593 970 1652 140-142
990 1583 1165 1674 Mullach.)

133 1690 326 1767 πολυμαθίαν
353 1690 398 1749 nil
425 1690 527 1751 valere
553 1688 614 1749 nisi
641 1689 806 1766 prudenter
829 1689 998 1750 adhibitam
1020 1689 1097 1750 dixit
1119 1690 1152 1750 in

134 1787 224 1847 unico
247 1787 302 1846 illo
321 1787 491 1864 fragmento
512 1804 572 1863 quo
591 1787 660 1863 ipss
677 1787 742 1848 eius
760 1787 854 1848 verba
871 1789 992 1848 servata
1010 1791 1091 1866 sunt,
1115 1806 1151 1848 ea

135 1902 256 1961 quoque
285 1902 381 1962 genus
408 1883 529 1943 dicendi
557 1883 730 1945 exhibentia
760 1885 932 1962 proximum
958 1885 1150 1947 Democriteo

135 1973 186 2062 (cf.
202 1979 294 2041 Olem.
309 1980 395 2041 Alex.
411 1983 513 2040 strom.
528 1981 578 2042 16
597 2002 626 2058 p.
643 1983 706 2042 123
723 1981 815 2060 sylb,
834 1983 898 2042 337
913 1981 994 2043 Pott.
1009 2007 1052 2031 =
1068 1982 1151 2044 Stob.

134 2078 198 2139 flor.
221 2078 349 2139 XXXIV
375 2080 414 2139 19
450 2097 540 2156 quem
571 2079 673 2140 locum
699 2079 812 2158 insigni
839 2079 976 2139 acumine
1004 2080 1153 2143 tractavit

135 2176 320 2255 Bemaysius
334 2195 411 2237 mus.
426 2176 520 2236 Rheu.
530 2175 628 2254 VHp.
639 2177 703 2237 306
715 2194 758 2255 sq.
769 2203 811 2224 =
823 2175 889 2238 Ges.
903 2175 979 2238 Aba.
993 2178 1009 2237 I
1022 2198 1051 2256 p.
1062 2170 1152 2261 123).

134 2274 196 2334 fuit
219 2275 315 2354 igitur
333 2273 531 2335 Anaxarchus
549 2273 759 2335 Democriteus
778 2293 949 2354 germanus,
968 2293 1154 2354 quamquam

134 2373 284 2450 scepticae
306 2376 406 2432 sectae
429 2371 553 2430 minime
575 2372 648 2431 licet
671 2390 741 2431 eum
764 2371 942 2431 adscribere.

201 2471 261 2531 Sed
283 2471 392 2530 habuit
414 2474 518 2530 tamen
536 2470 643 2529 Timon
662 2487 717 2528 eur
733 2468 875 2547 magistri
898 2469 946 2528 sui
968 2469 1151 2547 magistrum

134 2588 162 2629 r.
188 2572 204 2627 1
232 2572 263 2628 ct
287 2571 306 2626 2
330 2566 475 2627 laudibus
503 2567 634 2626 efferret:
667 2566 760 2626 etiam
782 2560 892 2627 κύνεον
914 2562 1002 2644 μένος
1033 2571 1152 2645 spectat

134 2665 234 2724 solum
264 2664 304 2722 sd
334 2665 402 2723 eius
434 2650 637 2723 constantiam
668 2665 702 2722 et
727 2651 880 2723 ἀπάθειαν
907 2681 978 2724 vere
1006 2665 1151 2743 cynicum,

134 2778 227 2837 quam
252 2763 350 2820 morte
377 2757 599 2837 comprobavit,
627 2759 751 2818 minime
779 2760 818 2819 ad
845 2759 1053 2822 adulationem
1082 2762 1152 2821 Ale·

133 2856 241 2916 xandn'
264 2875 342 2934 quae
364 2857 433 2934 ipsa
454 2856 530 2916 mire
552 2857 686 2934 ingenua
710 2856 853 2918 libertate
881 2862 949 2919 erat
974 2862 1153 2936 temperata.

132 2973 188 3015 nec
219 2959 349 3032 possunt
381 2955 447 3015 cius
473 2971 572 3014 mores
601 2954 706 3031 quales
739 2954 876 3032 depinxit
903 2957 1012 3018 Timon
1042 2957 1153 3017 melius

133 3052 284 3113 illustrari
312 3071 404 3131 quam
431 3052 475 3114 eis
499 3069 578 3129 quae
600 3051 785 3114 Plutarchus
807 3053 893 3114 Alex.
919 3055 960 3114 52
992 3053 1114 3130 scripsit
1136 3045 1152 3115 ὁ

129 3142 309 3231 Ἀνάξαρχος
336 3149 434 3212 ἰδίαν
460 3139 527 3211 τινὰ
550 3143 750 3231 πορευόμενος
778 3148 810 3224 ἐξ
832 3145 925 3232 ἀρχῆς
948 3144 1021 3213 ὁδὸν
1044 3149 1077 3212 ἐν
1099 3174 1152 3229 φι-

133 3250 262 3332 λοσοφίᾳ
288 3247 339 3310 καί
365 3243 459 3323 δόξαν
486 3241 615 3328 εἰληφὼς
641 3242 811 3329 ὑπεροψίας
837 3246 887 3309 καί
910 3243 1065 3329 ὀλιγωρίας
1091 3250 1152 3310 τῶν

134 3341 287 3424 συνήθων.

200 3443 304 3505 Nihilo
328 3446 423 3507 setius
442 3444 640 3506 Anaxarchus
662 3461 753 3505 verus
776 3444 896 3521 sapiens
919 3462 979 3503 non
1001 3443 1075 3522 fuit,
1099 3443 1153 3503 sed

142 3540 239 3627 tolum
257 3543 393 3619 sophista
416 3535 459 3624 (v.
483 3534 532 3624 4),
560 3545 597 3602 ut
621 3542 713 3603 etiam
736 3540 818 3618 apud
839 3540 921 3601 Plut.
945 3540 1031 3601 Alex.
1056 3542 1098 3602 28
1122 3545 1155 3603 et
