2466 3832
534 185 575 194 -—
624 147 687 212 142
734 184 776 194 —
1013 172 1163 229 ‚umoris

213 331 308 371 conss.
331 312 497 372 Aristocles
520 313 653 390 maligne
677 313 759 388 apud
775 312 885 371 Iluseb.
900 312 920 370 l.
936 331 957 372 s.
974 315 1015 371 27
1035 334 1065 389 p.
1082 307 1162 374 763¹³

145 412 249 468 narrat
271 409 456 486 Pyrrhonem
480 428 511 469 se
529 410 630 486 ipsum
648 403 765 486 ἀτοφον
786 410 970 469 nominasse:
994 411 1076 487 quod
1100 430 1160 470 non

145 525 214 565 oum
237 506 386 566 Aristocle
409 509 605 585 interpretor,
636 509 688 566 sed
715 508 760 568 ita
786 511 823 566 ut
844 511 950 583 putem
979 528 1049 568 eum
1072 505 1161 568 Anti·

145 604 280 664 sthenem
306 604 449 681 probasse
476 605 529 681 qui
551 598 605 682 τὴν
628 595 759 681 ἀταφίαν
781 606 863 672 vitae
886 604 976 664 finem
1000 606 1160 666 constituit

146 692 196 782 (fr.
215 704 271 762 ino.
286 703 346 760 VH
363 723 392 778 p.
408 704 449 761 48
470 694 672 783 Winckelm.).
710 704 789 762 inter
813 722 915 762 omnes
938 723 1009 764 vero
1033 695 1108 764 nota
1131 708 1161 763 et

145 819 237 878 supra
256 792 299 881 (p.
317 791 373 879 15)
388 799 559 858 accuratius
577 802 711 860 tractata
730 804 776 861 est
794 801 997 877 sceptioorum
1010 794 1160 877 ἀταραξία,

146 917 237 975 quam
259 897 397 973 Pyrrhon
424 915 485 955 non
511 899 608 955 solum
636 898 875 975 argumentando
899 898 1004 957 docuit
1027 899 1080 957 sed
1103 916 1160 957 usu

146 995 238 1054 etiam
261 993 427 1053 cottidiano
451 994 672 1070 comprobavit:
695 996 772 1054 hano
791 995 887 1072 igitur
905 1014 985 1054 nuno
1004 996 1160 1071 praedicat

146 1092 262 1150 Timon.
308 1091 400 1149 ceteri
436 1110 506 1150 vero
538 1092 711 1169 philosophi
748 1092 906 1168 agitantur
939 1096 970 1152 et
1002 1093 1159 1152 affectibus

146 1179 312 1268 (παθέων),
337 1188 447 1265 quibus
470 1207 530 1246 non
553 1188 692 1264 tangitur
715 1187 865 1264 scepticus
889 1187 980 1268 ρἧτα
999 1181 1070 1265 μεθ’
1091 1181 1162 1266 ἡσυ-

144 1283 209 1363 χίης
230 1279 233 1362 t
258 1281 379 1344 αἰεὶκαὶ
397 1279 597 1362 ἀφροντίστως
615 1281 665 1343 καί
683 1277 829 1362 ἀκινήτως
846 1279 919 1344 κατὰ
938 1278 1029 1345 salac
1047 1286 1159 1362 vivens

146 1386 177 1442 et
199 1384 314 1460 gloriae
338 1375 457 1465 (δόξης)
481 1383 662 1460 eupiditate,
690 1401 751 1459 qua
778 1402 893 1443 vacuus
921 1387 968 1443 est
989 1383 1070 1442 idem
1093 1384 1167 1442 oum'

145 1472 275 1557 ἀτυφίαν
285 1485 394 1558 servat,
410 1486 440 1541 et
449 1480 677 1540 inconsideratis
691 1480 812 1557 placitis
824 1473 951 1561 (εἰκαίας
960 1471 1159 1560 reputatum),

145 1596 223 1654 quae
245 1597 368 1655 prorsus
392 1580 474 1657 fugit
496 1579 658 1655 scepticus‚
688 1578 740 1655 qui
763 1577 905 1654 reprobat
927 1578 1044 1655 pariter
1066 1580 1158 1655 atque

144 1674 335 1736 Democritus
351 1678 451 1756 omnia
465 1678 564 1735 solum
578 1669 660 1758 νόμφ
675 1675 843 1735 constituta
852 1661 900 1755 Ι(ν.
915 1674 1026 1753 Hirzel,
1046 1675 1159 1734 Παίονα.

144 1790 182 1832 cu
205 1772 263 1832 cre.
282 1773 329 1831 ΠΙ
352 1794 380 1849 p.
403 1777 441 1831 11
463 1774 529 1831 adn.
551 1765 585 1853 1)
615 1777 646 1832 et
672 1766 806 1849 ἀφασίαν
832 1776 917 1832 tenet
944 1765 984 1850 μὴ
1009 1768 1161 1850 προσέχων

146 1867 239 1940 δίναις
260 1861 411 1948 ἡδνλόγον
435 1869 543 1946 σοφίης
566 1861 649 1950 (vide
673 1889 778 1929 comm.
803 1869 841 1928 ad
865 1870 901 1927 fr.
923 1861 1108 1950 XXXVIII).

152 2020 155 2025 ⁴
211 1967 351 2026 Dictione
375 1960 487 2042 ἀφατοί
502 1986 532 2024 τε
549 1965 641 2041 φατοί
657 1987 687 2026 τε
710 1958 752 2048 (v.
770 1960 803 2048 2)
828 1968 901 2027 item
925 1971 1018 2044 atque
1043 1967 1076 2025 in
1094 1987 1162 2045 pro·
1192 2004 1195 2012 ·

55 2089 56 2094 ¹
145 2064 242 2124 oemio
259 2064 417 2142 Hesiodea
438 2084 473 2123 ex
492 2083 551 2140 quo
569 2065 700 2140 repetita
719 2069 773 2142 est,
793 2065 1003 2142 significantur
1021 2064 1157 2124 homines

146 2164 220 2222 clari
239 2163 372 2240 obscuri3
397 2163 477 2240 quod
495 2162 642 2222 mehercle
661 2182 721 2222 non
739 2181 906 2239 monerem,
925 2163 984 2221 nisi
1002 2162 1050 2222 vir
1067 2162 1158 2240 longe

146 2261 337 2322 doctissimus
350 2279 448 2338 nuper
461 2260 630 2336 scripsisset
646 2260 736 2336 plane
750 2258 939 2318 incredibilia
952 2259 1039 2319 haec:
1059 2251 1161 2335 “ἀ’φα·
1196 2242 1202 2253 ’

145 2382 189 2420 τοι
221 2351 285 2420 und
311 2358 402 2435 φατοί
426 2380 455 2418 τε
487 2359 528 2418 ist
560 2359 608 2416 ein
641 2358 724 2434 Spiel
756 2357 813 2415 mit
845 2358 912 2415 dein
944 2356 1160 2416 Homerischen

137 2452 225 2536 ’Ἁρηι
244 2457 346 2534 φατοί,
370 2451 429 2515 ‘die
453 2455 599 2515 lebenden
622 2456 685 2514 und
708 2455 755 2513 die
777 2452 884 2512 todten
907 2454 960 2512 der
978 2454 1159 2514 sterblichen

145 2549 283 2632 Volker'3
308 2555 355 2613 die
380 2553 472 2613 Scene
495 2554 537 2611 ist
556 2552 655 2626 jaim
678 2543 819 2610 Hades''!

212 2651 354 2711 Ceterum
372 2654 408 2709 ut
425 2653 521 2708 metro
541 2648 616 2707 satis
635 2648 720 2708 fieret
738 2666 793 2724 pro
812 2641 972 2725 νομόθεστς
990 2647 1096 2707 fictum
1114 2649 1160 2706 est

146 2742 319 2825 νομοθήαη,
341 2750 378 2805 ut
401 2745 522 2822 scripsit
539 2745 706 2821 Lucienus,
730 2744 799 2804 hist.
824 2763 935 2805 conscr.
957 2747 997 2804 46
1023 2736 1161 2821 συνθήκη

145 2847 204 2905 τῶν
228 2837 382 2921 ὀνομάτων
404 2862 459 2920 pro
483 2835 623 2912 σύνθεσις
645 2863 668 2901 τ.
692 2834 716 2901 ὀ.
957 2866 961 2872 ·

586 3277 716 3336 XXXIII

192 3417 335 3500 σχέτλιοι
358 3410 550 3502 ἀνθρωττοι,
573 3410 649 3480 κάκ’
676 3411 823 3497 ἐλέγχεα,
846 3407 1003 3495 νάστερες
1027 3404 1117 3492 οἷον,

190 3527 296 3588 ποίων
320 3525 356 3588 ἔκ
378 3518 407 3589 τ’
434 3522 555 3609 ἐρίδων
580 3523 672 3586 ἔατε
696 3517 869 3600 στοναχῶν
892 3514 1075 3582 usitasse.
