2466 3832
499 111 717 175 ‚57-

104 276 153 334 hic
176 274 299 334 additur
322 274 405 335 deest
427 274 459 332 in
483 274 605 351 optimis
628 273 727 348 libris]
753 266 955 355 (Ξενοφάνης)
980 272 1013 334 ἐν
1036 271 1116 334 ἔπεσι

104 369 154 431 καί
180 369 306 451 ἐλεγείας
333 369 383 431 καὶ
405 365 533 450 ἰάμβους
555 365 626 430 καθ’
653 364 796 431 Ἡσιόδου
823 369 873 430 καί
895 365 1026 449 Ὁμήρου
1053 369 1115 431 ἰπο-

105 464 223 529 κόπτων
245 462 345 528 οάτῶυ
367 462 402 527 τά
426 465 493 544 περὶ
514 471 596 528 θεῶν
619 464 765 546 εἰρημένα.
806 468 838 526 in
861 487 920 544 quo
943 469 1010 528 loco
1029 488 1116 528 vexa-

105 567 223 626 tissimo
246 567 378 641 primum
400 569 537 625 constare
560 566 634 624 mihi
656 566 778 626 videtur
791 597 832 606 —
849 565 946 641 quode
970 566 1006 623 cf.
1028 567 1118 625 etiam

105 663 250 740 Kernius,
272 665 319 722 ab.
344 663 513 738 Xenophon.
536 682 562 723 υ.
586 664 736 736 Koloplam
760 655 873 743 (Sediu.
900 655 999 740 1874)
1023 683 1052 737 p.
1078 665 1117 721 18

107 760 174 820 adn.
199 762 239 818 25
265 791 321 837 -,
353 754 479 838 ἰάμβους
506 760 598 820 verbo
628 780 688 820 non
715 762 874 838 vulgarem
903 758 1119 834 metricamque

106 857 356 935 significationem
383 859 480 917 inesse
508 858 560 917 sed
586 859 692 934 paullo
720 857 878 933 rariorem,
906 856 942 915 de
971 873 1032 932 qua
1059 855 1120 912 iam

107 974 199 1031 supra
220 976 249 1031 p.
274 957 315 1014 26
340 955 415 1031 dixi,
442 955 487 1013 ita
509 959 545 1015 ut
570 955 777 1014 describantur
794 947 941 1014 ‘carmina
962 945 1118 1028 probrosa’

106 1054 138 1112 in
166 1053 276 1130 quibus
300 1071 376 1129 quae
396 1050 545 1112 Homerus
563 1053 772 1129 Hesiodusque
796 1052 833 1112 de
855 1052 901 1110 dis
927 1050 1121 1127 protulerunt

107 1150 270 1228 castigavit
300 1150 507 1225 Xenophanes,
563 1151 648 1209 cuius
684 1150 789 1209 iudicii
821 1149 1000 1227 gravissima
1031 1165 1120 1224 argu-

107 1250 209 1306 menta
232 1247 291 1306 duo
315 1247 387 1305 haec
409 1249 493 1305 sunt:
516 1246 685 1306 iamborum
702 1247 895 1323 Xenophanis
913 1265 968 1304 nec
986 1245 1057 1304 vela
1074 1247 1121 1303 est

107 1362 161 1402 nec
197 1343 374 1419 vestigium3
412 1362 483 1401 nam
515 1342 606 1402 verba
639 1345 787 1419 quaedam
814 1342 895 1419 apud
928 1341 1122 1400 scholiastam

109 1439 303 1516 Hippocratis
336 1438 417 1512 [vide
449 1459 529 1497 nunc
560 1440 696 1499 Erotion.
728 1460 757 1515 p.
774 1442 825 1498 ·18
857 1436 970 1511 Klein]
1003 1440 1122 1496 servata

108 1555 169 1595 nou
196 1535 285 1594 licere
313 1535 344 1592 in
371 1534 531 1592 iambicam
557 1537 685 1594 formam
707 1536 851 1619 redigere,
874 1535 1038 1594 rectissime
1062 1533 1123 1591 iam

110 1632 249 1709 exposuit
266 1631 444 1709 Meinehius,
462 1633 567 1692 clodio.
587 1631 720 1692 Straton.
740 1654 768 1710 p.
789 1635 866 1709 2173
889 1632 964 1690 mihi
982 1631 1123 1692 videntur

110 1750 146 1790 ea
173 1729 351 1816 simpliciter
377 1732 513 1805 spectare
540 1729 578 1788 ad
603 1731 776 1790 notissimae
800 1730 915 1808 elegiae
938 1721 973 1809 (7
997 1721 1123 1810 Bergk.)

109 1847 230 1889 versum
257 1829 395 1887 alterum.
441 1828 511 1886 dein
539 1828 564 1885 si
591 1821 717 1906 ἰάμβους
744 1832 874 1888 metrum
897 1827 1059 1906 significat,
1092 1823 1124 1886 ἰν

110 1923 190 1985 ἔπεσι
221 1925 411 1985 referendum
441 1929 487 1985 est
515 1925 554 1983 ad
580 1927 768 1986 hexametros
795 1927 942 2003 heroicos,
974 1925 1021 1983 his
1053 1943 1124 1984 vero

111 2026 217 2083 notum
254 2025 300 2082 est
336 2022 502 2082 Homerum
538 2022 764 2100 Hesiodumque
800 2043 818 2082 a
848 2023 1032 2098 Xenophane
1068 2021 1122 2078 im-

111 2121 262 2195 pugnatos
278 2137 354 2194 esse;
373 2119 477 2196 itaque
490 2119 689 2196 philosophus
703 2119 801 2179 tribus
816 2137 939 2195 poeseos
953 2117 1121 2195 generibus,

112 2216 293 2275 hexametris
319 2216 424 2291 elegiis
447 2215 564 2292 iambis,
587 2221 692 2292 poetas
715 2217 785 2275 illos
809 2216 972 2292 castigasse
992 2217 1125 2273 statuen-

113 2312 169 2370 dus
202 2314 293 2388 esset,
327 2311 407 2387 quod
440 2330 557 2370 omnem
587 2312 676 2371 fidem
704 2311 827 2370 excedit.
874 2311 1123 2370 Wilamowitzius

114 2427 185 2469 vero
204 2410 434 2467 commentariolo
449 2412 639 2482 grammatico
656 2409 688 2466 ΙΙ
708 2401 832 2488 (proem.
851 2407 911 2466 ind.
930 2408 998 2466 lect.
1014 2405 1126 2484 Gryph.

116 2496 247 2584 resch)
261 2526 290 2580 p.
307 2507 325 2563 7
345 2505 418 2564 haec
437 2506 475 2564 ad
493 2525 602 2565 unum
620 2506 748 2566 coniecit
766 2504 915 2581 pertinere
929 2523 1057 2581 carmen,
1076 2504 1126 2562 cui

113 2603 246 2661 inessent
276 2601 369 2660 iambi
400 2621 454 2679 per
486 2606 621 2662 saturam
653 2603 779 2663 admixti
806 2603 917 2663 herois:
950 2602 1067 2661 sed-
1090 2605 1127 2661 ut

114 2699 175 2759 alia
194 2699 230 2759 de
250 2698 360 2775 quibus
373 2700 453 2759 infra
466 2700 564 2759 dicam
577 2720 656 2760 nunc
671 2701 792 2761 mittam
806 2733 848 2742 -
864 2699 1013 2778 quomodo
1027 2699 1127 2759 verbis

113 2797 234 2857 traditis
254 2814 373 2856 carmen
391 2797 572 2857 heroiambis
587 2790 676 2878 (quos
690 2799 764 2858 dicit
778 2792 912 2879 Taetzes)
927 2799 1128 2873 compositum

115 2891 278 2972 significari
310 2894 457 2970 potuerit,
490 2894 563 2970 quid
590 2895 782 2971 potissimum
809 2894 908 2954 verbis
931 2891 981 2953 καί
1003 2890 1129 2973 ἐλεγείας

114 2991 285 3050 faciendum
308 2990 361 3067 sit,
384 2991 449 3065 ipse
471 2991 589 3050 viderit.

182 3089 259 3147 Item
287 3085 320 3147 ἐν
347 3083 428 3147 ἔπεσι
454 3090 556 3162 petest
582 3087 745 3163 dupliciter
772 3088 928 3165 explicari,
958 3089 1013 3145 aut
1040 3105 1127 3163 gene-

115 3186 221 3245 raliter
258 3176 403 3264 (scripsit
435 3184 572 3245 versibus
605 3185 782 3244 constrictos
814 3183 920 3260 libros,
958 3200 1068 3258 eosque
1100 3187 1130 3241 et

115 3282 228 3358 elegias
256 3286 288 3342 et
310 3282 443 3342 carmina
465 3281 611 3358 probrosa
634 3284 739 3340 contra
761 3279 927 3340 Homerum
949 3278 1127 3338 Hesiodum-

102 3371 201 3460 .que’)
236 3385 291 3441 aut
323 3379 519 3458 singulariter
551 3370 697 3459 (scripsit
729 3377 859 3436 carmine
891 3375 1025 3453 heroico,
1056 3376 1129 3436 item

117 3476 230 3553 elegias
263 3481 293 3537 et
325 3477 458 3536 carmina
489 3475 638 3553 probrosa
664 3478 769 3534 contra
800 3472 888 3533 Hom.
921 3464 1010 3552 οἰοί).
1063 3473 1135 3529 illo
