2466 3832
105 167 154 208 ra.
168 166 225 209 vm
493 179 535 188 —
583 141 648 208 105
694 178 736 188 -

105 307 229 368 tandem
260 306 393 386 imagine
420 323 495 366 usus
523 304 589 366 est?
638 308 760 382 praeter
787 308 887 364 cetera
916 305 1123 383 quaerendum

107 410 161 484 est,
185 404 338 483 quidhoc
361 406 428 464 loco
451 404 555 464 valeat
576 421 636 463 vox
657 401 821 479 tripliciter
843 408 992 480 usurpata
1014 425 1123 485 γαργα-

105 497 172 575 ota.
221 502 381 563 notissima
420 503 467 562 est
497 500 582 562 notio
614 517 721 562 nassae
756 499 937 577 piscatoriae
970 501 1060 562 obvie
1090 501 1123 562 in

106 598 268 677 proverbio
299 590 455 678 γοργοθὸν
486 599 598 674 φνοᾶςς
631 599 760 658 alteram
791 597 912 658 exhibet
943 597 1072 675 Hesyoh.
1095 619 1123 660 v.

105 691 273 778 γαργαθόν
306 697 412 768 σκεῦος
442 688 581 771 adsurde,
614 692 647 755 ἐν
680 683 703 779 ᾧ
732 689 873 775 βάλλουσι
899 687 952 755 τὸν
976 688 1068 772 ἄρτον
1095 693 1127 755 οἱ

107 788 282 875 ἆριοιιόιιοις
304 793 398 855 tertia
420 793 536 872 legitur
558 793 640 870 apud
660 793 785 855 Suidam
807 815 834 856 v.
853 785 1016 873 γυργαθός,
1039 790 1123 869 κλίνη

107 889 140 952 ἐν
169 878 189 972 ᾖ
216 884 285 963 τοὺς
311 887 456 970 παρέιονς
482 886 532 952 καὶ
560 882 771 968 δαιμονιώδης
793 891 958 970 οιροβοῦσι.
1004 888 1124 966 ultima,

108 1008 200 1069 quam
227 988 473 1049 Aldobrandinus
501 988 550 1048 hio
578 988 738 1050 admittere
765 989 865 1052 voluit
892 989 937 1048 ita
963 992 1000 1049 ut
1023 989 1125 1048 Zenon

106 1091 264 1164 tamquam
286 1103 416 1148 vesanus
439 1086 649 1165 denotaretur,
673 1088 710 1147 ab
734 1087 919 1166 antiquitate
942 1087 1048 1164 procul
1071 1087 1124 1145 ha·

106 1183 206 1243 benda
228 1186 283 1244 est.
318 1185 456 1263 plerique
478 1185 639 1262 vulgarem
661 1185 816 1246 notionem
838 1184 1039 1245 adhibendam
1059 1202 1125 1246 esse

106 1284 250 1343 statuunt
277 1286 308 1343 et
335 1282 374 1342 ad
401 1283 552 1361 captiosas
575 1282 868 1360 argumentationes,
901 1282 1011 1360 quibus
1035 1281 1124 1342 stoici

105 1379 319 1456 ονμιιοδίζονσι
349 1374 420 1454 τοὺς
448 1381 700 1457 προσομιλοῦντας
731 1371 816 1459 (vide
844 1376 1047 1454 chrysippum
1075 1397 1123 1455 ap.

105 1476 230 1536 Lucian.
253 1477 307 1538 vit.
331 1481 411 1537 auct.
435 1495 458 1536 c.
482 1468 555 1557 22),
586 1475 736 1551 referunt,
769 1492 872 1535 omnes
899 1477 1001 1535 tamen
1028 1475 1060 1534 in
1087 1494 1123 1537 eo

106 1571 178 1631 falsi
196 1568 279 1648 quod
296 1571 421 1654 plagam
439 1570 630 1631 subtiliorem
648 1591 664 1630 e
683 1572 746 1632 lino
765 1590 874 1631 nexam
891 1573 1037 1650 cogitant,
1056 1590 1124 1632 cum

106 1662 260 1748 γυργαθὸς
280 1669 452 1746 generalem
467 1668 558 1729 cratis
573 1687 610 1728 ex
622 1669 786 1730 viminibus
801 1672 959 1730 contextae
970 1669 1124 1731 notionem

106 1784 225 1843 semper
252 1769 364 1827 wneat.
410 1765 463 1827 sed
490 1767 653 1844 capiuntur
678 1768 776 1844 pisces
804 1786 876 1829 sane
902 1768 996 1829 etiam
1017 1768 1124 1846 nassis,

106 1865 152 1926 ita
178 1867 215 1926 ut
241 1884 302 1925 non
329 1864 409 1926 male
434 1863 569 1944 fingatur
592 1865 694 1926 Zenon
716 1883 807 1926 nassa
828 1865 861 1925 in
882 1866 960 1926 mari
982 1866 1033 1928 vel
1054 1867 1125 1925 lacu

106 1963 156 2024 vel
182 1962 306 2023 flumine
334 1961 434 2022 nescio
462 1981 522 2040 quo
550 1964 694 2041 imposita
721 1964 819 2041 pisoes
847 1967 947 2024 cetera
974 1963 1125 2042 aquatilia

107 2064 240 2136 captans.
278 2063 311 2119 at
333 2078 388 2136 per
410 2078 442 2121 se
464 2079 525 2120 non
546 2061 648 2122 minus
667 2064 739 2138 apte
757 2061 880 2122 videtur
897 2061 937 2120 ad
954 2059 1123 2120 describen-

107 2156 178 2215 dam
205 2157 346 2234 gulosam
369 2174 461 2216 anum
484 2151 667 2234 ‘panarium’
691 2157 931 2217 commemorari:
959 2157 1010 2217 cni
1032 2157 1125 2216 inter·

107 2251 272 2329 pretationi
299 2255 403 2312 tamen
425 2252 458 2311 id
479 2272 576 2312 unum
599 2252 702 2313 obstat
723 2253 949 2332 gravissimum,
974 2252 1057 2330 quod
1079 2252 1124 2312 in·

106 2348 214 2429 tellegi
231 2365 355 2425 prorsus
373 2352 506 2425 nequeat
525 2348 675 2427 quomodo
693 2350 854 2426 panarium
872 2346 948 2410 ἰέναι
966 2351 1016 2410 vel
1030 2347 1125 2428 ἔρρειν

108 2447 228 2506 dicatur
255 2445 314 2504 nisi
343 2447 513 2506 accuratior
539 2445 702 2524 descriptio
730 2445 861 2507 accedat.
908 2449 1014 2506 eontra
1035 2463 1125 2506 nassa

107 2543 232 2603 flumine
255 2542 374 2621 agitata
396 2544 445 2605 vel
470 2544 563 2605 etiam
585 2543 688 2606 delata
707 2545 797 2604 facile
816 2543 891 2623 fingi
908 2545 1018 2622 potuit.
1054 2545 1124 2604 hao-

108 2645 198 2701 tenus
215 2640 415 2716 probabiliter
427 2641 570 2720 progredi
589 2642 670 2720 licet,
688 2643 809 2720 reliqua
821 2641 984 2703 admodum
997 2642 1123 2703 lubrica.

175 2736 277 2797 Verba
301 2736 381 2797 enim
403 2731 506 2817 μιαρὸς
528 2730 585 2800 ledo
608 2737 685 2818 ἔρρει
702 2744 739 2801 ut
756 2741 1031 2818 interpretarentur
1048 2734 1124 2801 mue

107 2855 139 2899 se
153 2839 310 2897 torserunt
323 2836 382 2898 viri
396 2837 485 2896 docti.
508 2837 632 2899 rettulit
645 2856 682 2897 ea
695 2838 923 2918 Bernhardyius
937 2831 992 2920 (ad
1002 2840 1085 2901 said.
1095 2860 1123 2901 v,

108 2925 287 3016 σκινδαψός)
307 2933 346 2994 ad
364 2934 521 3011 spinarum
538 2935 768 2996 dialectmarum
786 2936 931 2997 subtilem
949 2940 1124 2997 contextum

107 3031 215 3091 habitu
246 3031 406 3109 figuraque
437 3032 599 3110 pusillum,
632 3027 698 3111 ‘qui
725 3050 831 3092 nassae
858 3033 955 3092 instar
981 3026 1124 3110 pertusae

109 3127 249 3188 diffluens
285 3126 426 3186 manibus
458 3128 587 3188 Zenonis
624 3130 713 3206 quasi
749 3130 874 3190 alterius
908 3130 1031 3206 Sisyphi
1063 3131 1124 3189 ela·

108 3219 256 3303 beretnr'3
284 3225 486 3302 similiterque
513 3225 636 3286 videtur
661 3226 811 3285 iudicasse
835 3225 909 3286 sod.
933 3225 1125 3287 Hermannns

110 3312 356 3401 (Huebnerianae
370 3322 516 3400 Diogenis
529 3323 589 3384 vol.
603 3321 635 3381 Π
648 3343 677 3400 p.
693 3315 765 3405 93):
784 3322 837 3383 sed
854 3340 953 3402 neque
971 3317 1125 3402 γαργαθός

108 3419 202 3497 plaga
224 3420 368 3480 subtilior
390 3423 436 3479 est
460 3411 511 3500 (ut
533 3419 596 3478 dixi
618 3413 725 3503 supra)
751 3439 806 3480 nec
830 3418 911 3498 quod
934 3437 1036 3481 omnes
1054 3421 1126 3483 libri

107 3519 236 3578 tuentur
258 3511 322 3578 ἰὼν
344 3512 420 3600 (non
438 3510 512 3601 ἐὼν)
531 3518 676 3596 explicari
692 3521 795 3596 potest
812 3536 912 3596 neque
930 3517 1136 3577 laceratxexixs
