2466 3832
563 166 604 176 -
651 129 693 194 96
741 165 782 175 -
1056 154 1188 200 rurorus

169 299 200 356 et
226 288 317 356 ‘visa’
349 286 557 375 (φαντασίας),
590 293 642 352 sed
674 293 712 352 ab
744 292 787 352 eis
820 292 950 352 seiunxit
982 295 1187 358 Parmenides.

169 395 223 471 qui
250 397 320 452 anto
345 410 466 453 versum
487 392 619 468 primum
642 410 661 450 a
683 391 818 467 Diogene
843 391 971 449 allatum
994 391 1083 450 dixit:
1113 387 1188 453 ἀλλά

169 485 207 551 ab
225 490 325 552 rr‘cd'
340 483 399 569 ἀφ’
417 483 504 551 ὁδοῦ
518 482 648 566 διζήσιος
666 487 760 568 εἴρμε
778 481 895 564 νόημα
909 479 961 568 (cf.
977 487 1057 548 Sext
1071 490 1187 569 Empir.

170 589 236 649 adv.
255 589 344 667 logie.
363 589 379 647 I
400 591 461 648 111
482 585 674 665 Παρμενίδης
696 588 748 647 τοῦ
772 580 826 662 μὲν
847 583 990 656 δοξαστοῦ
1009 581 1101 666 λόγον
1120 610 1188 648 κατ-

170 681 256 766 έγνω,
277 729 328 746 ...
347 679 398 746 τὸν
419 677 446 743 δ’
468 677 693 761 ἐπιστημονικὸν
712 726 741 742 ..
761 673 887 741 ἀπέθετο
910 672 1073 761 κριτήριον,
1100 678 1189 747 ἀπο·

170 776 254 855 στάς
276 779 327 842 καὶ
349 784 401 860 τῆς
423 784 482 841 τῶν
500 775 670 859 αἰσθήσεων
688 771 843 860 κίστεως);
864 778 969 856 itaque
988 771 1046 840 ἀκό
1066 801 1123 858 pro
1143 780 1189 842 ἐπὶ

169 881 301 942 restitui.
357 879 487 939 coniciat
517 897 589 938 sane
624 878 775 955 quispiam
807 877 900 936 etiam
930 895 985 952 pro
1018 869 1189 941 ἀνενείκατο

171 977 362 1037 scribendum
386 995 449 1035 esse
472 969 652 1036 ἀπενείκατο.
689 975 771 1053 quod
792 975 818 1034 si
836 975 984 1034 traditum
1003 979 1091 1054 osset,
1114 976 1189 1038 bene

172 1079 262 1134 esset:
295 1075 348 1134 sed
381 1074 462 1150 quod
488 1074 560 1132 libri
588 1092 690 1132 omnes
716 1073 874 1150 praebent,
906 1092 966 1132 non
989 1073 1090 1132 minus
1114 1074 1188 1136 bene

171 1171 317 1247 explicari
333 1174 443 1248 potest,
463 1171 606 1247 quoniam
624 1163 829 1247 ἀναφέρεσθαι
846 1170 998 1248 signifieat
1011 1162 1187 1234 ‘abducere’

172 1269 235 1329 sive
254 1261 298 1327 ‘in
320 1270 422 1327 locum
445 1271 546 1328 tutum
565 1261 751 1344 transferre’,
770 1268 873 1345 itaque
892 1268 1028 1344 apprime
1046 1260 1190 1331 idoneum

172 1370 219 1426 est
241 1367 297 1426 hoc
320 1367 395 1445 loco,
418 1366 597 1444 praesertim
620 1384 689 1425 cum
713 1366 905 1424 Parmenides
928 1365 991 1441 ipse
1015 1369 1191 1429 constanter

172 1465 234 1523 fere
272 1465 311 1523 ad
347 1463 450 1524 ambas
487 1463 637 1524 sentiendi
666 1463 799 1523 rationes
832 1460 1038 1538 exprimendas
1070 1463 1190 1524 viarum

171 1562 349 1640 itinerisque
377 1561 508 1640 imagine
536 1580 610 1621 usus
639 1561 680 1621 sit
707 1553 759 1642 (ef.
787 1578 908 1620 versum
936 1577 1029 1636 supra
1056 1560 1189 1638 adscrip-

172 1651 679 1741 mammmmm

239 1756 390 1833 Ambigua
409 1777 436 1816 v.
454 1759 470 1813 1
491 1749 656 1826 κολόδοξος
674 1757 869 1830 nuncupatur
886 1754 1089 1832 Parmenides,
1109 1755 1190 1815 idom

173 1853 254 1912 enim
285 1856 332 1911 est
363 1845 527 1924 κοίόδοξος
560 1855 652 1928 atque
680 1845 801 1922 εόδοξος
828 1852 846 1908 i.
871 1871 895 1911 e.
918 1852 1104 1928 praeclarus,
1138 1854 1192 1914 sed

174 1948 278 2011 subest
291 1949 376 2009 notio
391 1950 496 2028 arara,
510 1969 547 2008 ex
559 1968 619 2027 qua
633 1949 722 2008 homo
736 1948 841 2007 moitis
856 1949 1045 2026 opinionibus
1058 1948 1192 2013 refertus

174 2047 218 2107 ita
241 2045 432 2126 significatur
449 2050 486 2106 ut
504 2040 577 2118 δόξα
599 2047 738 2123 opposita
757 2045 798 2105 sit
816 2040 966 2129 ἐπιστήμῃ,
986 2044 1126 2106 similiter
1145 2052 1192 2110 at·

175 2166 233 2224 que
257 2145 377 2222 scripsit
400 2144 577 2204 Damaseius
601 2163 647 2220 ap.
670 2144 758 2203 Phot.
782 2142 854 2202 bibl.
877 2164 906 2220 p.
927 2135 1007 2202 337b
1031 2144 1072 2202 38
1101 2148 1193 2205 κοίν-

175 2241 276 2316 δοξίας
301 2246 412 2323 μᾶλλον
434 2242 527 2304 αἴτιον
550 2236 621 2303 όντα
643 2236 664 2319 ἀφ’
686 2241 856 2312 κολννοίας.
903 2259 980 2318 quae
1004 2240 1193 2318 amphibolia

175 2361 209 2402 eo
239 2342 331 2403 etiam
355 2341 490 2402 acerbior
513 2345 543 2401 et
565 2341 693 2401 facetior
718 2340 870 2417 redditur,
894 2338 975 2415 quod
996 2339 1192 2400 Parmenides

173 2439 239 2515 ipse
265 2432 356 2510 δόξαν
383 2439 613 2515 haopotestate
641 2455 731 2514 saepe
757 2437 919 2515 usurpavit
946 2427 998 2517 (of.
1021 2435 1192 2498 Karstenus

175 2537 214 2595 ad
236 2536 404 2596 Parmenid.
428 2557 455 2597 v.
476 2538 518 2596 30
540 2556 569 2612 p.
591 2527 661 2616 68),
686 2538 717 2594 et
740 2539 904 2610 postquam
926 2532 1082 2609 inpriore
1104 2539 1194 2610 parte

175 2633 316 2691 carminis
340 2632 478 2708 exposuit
502 2651 537 2690 ea
561 2650 638 2708 quae
661 2649 734 2692 vera
756 2650 821 2690 esso
844 2650 904 2690 non
927 2631 1027 2691 solum
1049 2631 1108 2690 sibi
1126 2651 1194 2708 per-

175 2729 273 2788 suasit
299 2729 352 2787 sed
379 2748 415 2787 ex
443 2731 507 2787 arte
531 2731 562 2787 et
584 2728 700 2788 rationo
726 2728 957 2806 domonstravit,
984 2747 1040 2806 per
1063 2730 1195 2789 alteram

175 2828 273 2884 totam
303 2829 421 2901 partem
453 2821 520 2903 περὶ
552 2825 744 2904 φυσιολογίας
777 2826 930 2887 enarravit
961 2827 1048 2904 vulgi
1080 2826 1195 2904 impro-

174 2920 291 2981 babiles
319 2921 487 3002 opiniones,
519 2926 556 2982 ut
583 2922 647 2998 ipse
675 2921 731 2981 ait:
764 2919 797 2982 ἐν
824 2925 863 3006 τῷ
886 2941 933 2984 σοι
955 2917 1042 2982 καόω
1065 2918 1197 2986 κιστόν

175 3013 284 3100 λόγον
305 3012 358 3097 ἠδὲ
381 3013 498 3099 νόημα
518 3017 522 3099 ί
543 3013 637 3098 ἀμφίς
658 3012 812 3099 ἀληθείης’
838 3015 945 3093 δόξας
969 3014 997 3080 δ’
1023 3013 1082 3081 ἀπὸ
1106 3021 1198 3083 τοῦδε

176 3116 307 3197 βροτείας
333 3111 337 3195 Ι
362 3109 512 3196 μάνθανε,
535 3112 647 3196 κόσμον
669 3116 748 3197 ἐμῶν
770 3114 866 3179 ἐντέων
888 3111 1039 3197 ἀπατηλὸν
1062 3110 1197 3181 ἀκοόοον.

578 3364 791 3373 -——-——-
