2466 3832
106 204 374 300 rann—xxva
497 221 538 229 —
588 184 652 250 133
697 223 739 231 —

439 383 554 442 XXVI*
579 375 635 464 (27
659 376 793 466 proeod.)

100 506 105 515 '
173 506 321 564 Tzetzes
345 505 413 564 ohil.
436 506 464 564 X
489 508 665 568 soe—810
688 509 762 567 haee
785 512 901 568 narrat:

150 622 265 688 ὠνεῖται
280 620 389 710 (Dion)
407 625 458 687 ναὶ
475 622 545 701 τούς
563 630 670 710 μλμονς
689 627 736 708 δέ,
756 624 788 692 τὸ
802 624 974 710 Σώφρονος
994 634 1122 713 βιβλίον,

149 720 259 805 ἀνδρὸς
282 729 380 804 σοφοῦ
402 729 454 788 τοῦ
477 722 658 808 Σάφρονος,
682 722 768 800 ὄντος
790 727 967 808 Συρακοασί
1009 742 1017 758 ·

149 820 200 883 ααλ
221 826 307 885 τοῦτο
331 820 364 884 δὲ
386 827 426 909 τῷ
448 819 588 886 Πλάτωνι
611 825 734 886 δίδωσιν
758 818 798 898 ὦς
818 827 982 902 ποθοῦντι,

150 913 206 996 άφ’
232 909 324 1000 οὗπερ
348 916 508 1001 ἐμιμήσατο
530 916 658 1004 γράφειν
679 917 749 996 τοὺς
772 917 943 1004 διαλάγονς,

152 1011 192 1092 ὥς
215 1017 248 1080 ἐν
269 1023 331 1092 τοῖς
354 1019 461 1093 σίλλοις
484 1020 620 1098 φαίνεται
643 1015 660 1082 ὅ
685 1013 787 1101 Τίμων
809 1014 994 1103 διαγράφων.
1086 1058 1088 1062 ,

175 1144 292 1204 Similia
316 1145 439 1221 quidem
461 1146 543 1204 haud
565 1165 634 1206 raro
658 1146 835 1207 donatione
859 1167 936 1225 quae
959 1148 1040 1208 inter
1056 1149 1124 1208 Pla

104 1243 184 1302 tonis
212 1244 350 1321 dialogos
379 1247 410 1303 et
434 1243 598 1321 Sophronis
625 1244 733 1305 mimos
760 1246 922 1306 interoedit
948 1251 1123 1307 narrantur:
1163 1280 1165 1287 =

105 1340 142 1398 of.
156 1341 331 1401 testimonia
346 1360 423 1419 quae
438 1341 597 1419 Fuehrius,
612 1341 648 1401 de
662 1343 762 1401 mimis
778 1342 961 1402 Graecorum
978 1364 1007 1419 p.
1024 1347 1064 1404 63
1081 1363 1123 1421 sq.

106 1438 265 1515 congessit.
303 1438 355 1496 sed
377 1439 564 1514 permirum
587 1442 641 1515 est,
666 1438 748 1516 quod
768 1440 897 1517 Tzetzes‚
922 1440 975 1516 qui
997 1445 1033 1500 ut
1056 1442 1124 1501 aliis

106 1535 180 1593 loeis
208 1534 253 1593 XI
282 1537 298 1591 1
325 1552 368 1610 sq.
393 1536 434 1592 38
459 1553 502 1611 sq.
540 1535 583 1593 sio
616 1539 686 1594 ante
717 1537 818 1597 locum
853 1555 945 1612 supra
976 1538 1125 1616 seriptum

108 1622 315 1712 (tea-805)
339 1630 471 1690 Philolai
493 1630 571 1690 libro
594 1632 690 1692 tradit
711 1652 766 1710 per
783 1634 912 1693 Dionem
935 1638 1036 1712 empto
1055 1636 1124 1694 Pla-

106 1732 209 1789 tonem
241 1729 279 1787 ad
308 1728 465 1788 Timaeum
493 1729 568 1789 alios
595 1729 734 1808 dialogos
762 1731 931 1790 condendos
960 1732 1125 1791 excitatum

108 1845 180 1905 esse,
203 1845 354 1903 nusquam
377 1826 417 1886 ad
440 1827 597 1887 Timonem
619 1832 776 1907 provocat,
805 1832 910 1889 contra
934 1830 1017 1889 solus
1040 1830 1124 1889 illius

106 1924 143 1982 de
170 1923 324 2000 Sophrona
352 1923 474 1984 fabulae
506 1925 587 1984 huno
618 1929 740 2003 poetam
770 1929 880 1986 testem
907 1927 1033 2004 profert.
1076 1945 1124 1986 ao-

107 2022 187 2080 oedit
206 2023 288 2099 quod
305 2022 406 2084 verbis
425 2023 669 2101 dictionibusque
688 2024 788 2083 utitur
806 2016 858 2104 (of.
877 2027 1039 2100 ποθοῦντι,
1063 2017 1121 2098 ἀφ’

109 2105 200 2197 οὗπερ
235 2114 393 2198 ἐμιμήσατο
425 2112 566 2202 γράφειν)
600 2140 678 2198 quae
710 2121 875 2198 fiagmenti
901 2121 1001 2179 XXVI
1033 2119 1125 2180 verba

108 2213 249 2275 reddant:
278 2217 383 2292 itaque
411 2218 517 2292 prooul
545 2217 638 2276 dubio
665 2217 721 2275 hoo
748 2235 861 2277 novum
884 2217 1018 2275 Timonis
1043 2216 1124 2294 frag·

109 2315 245 2370 mentum
268 2314 333 2372 sola
351 2313 475 2371 Taetzae
497 2314 672 2373 confusione
691 2315 797 2371 natum
821 2317 880 2390 est,
903 2333 1000 2391 neque
1023 2316 1125 2390 potest

110 2408 210 2466 afferri
233 2410 292 2468 nisi
315 2410 347 2468 in
370 2409 535 2485 appendice
557 2410 675 2486 prioris.

518 2711 633 2773 XXVII
648 2702 715 2793 (λλ)

164 2822 270 2913 Ὄρσ’,
291 2823 527 2913 Ἀσκληπιάδη·
555 2829 664 2897 καλέει
686 2833 808 2916 κρείων
832 2848 870 2896 σε
892 2826 1094 2916 Χαρωνεύς..

394 3012 517 3054 HOMERI
539 3012 704 3056 DETORTVS
727 3013 845 3057 VERSVS

183 3117 209 3164 Δ
226 3115 280 3165 204
299 3103 371 3176 ἔρρ’,
392 3101 586 3179 Ἀσκληπιάδη·
605 3106 702 3165 καλέει
720 3112 823 3180 κρείων
839 3104 1019 3181 Ἀγαμέμνων
1076 3161 1082 3170 ,

179 3296 265 3338 nasu.
283 3277 498 3336 Athenaeus
513 3275 568 3334 XV
582 3297 611 3353 p.
623 3276 702 3336 666⁸
714 3268 789 3356 πρὸς
802 3269 839 3337 ὃν
854 3268 1019 3357 (medicum
1034 3294 1126 3353 quen-

112 3373 181 3432 dam
204 3367 377 3457 oonvivam)
404 3365 574 3444 Οὐλπιανὸς
596 3371 668 3450 ἔφη·
693 3368 778 3451 «aad
804 3407 846 3415 -
871 3367 1064 3454 Χαρωνεύς».

181 3569 277 3612 oouu.
315 3552 405 3612 Hunc
433 3569 556 3613 versum
584 3554 714 3628 usurpat
736 3551 890 3631 Cynulous
912 3553 1059 3630 cynicus„
1079 3551 1133 3606 ’λὶ-
