2466 3832
509 124 730 189 ..69-

174 291 218 352 At
254 290 365 369 quibus
403 289 527 351 tandem
557 288 588 346 in
620 288 710 348 rebus
743 289 843 365 posita
874 291 935 350 fuit
964 290 1042 350 mira
1073 291 1129 350 illa

109 407 186 467 quae
205 388 237 447 in
257 407 361 449 eorum
380 387 469 446 dictis
488 385 668 462 scriptisque
687 386 835 464 regnabat
852 381 950 447 πειθώ
964 392 996 447 et
1009 387 1074 468 ἴυγξ
1082 381 1128 471 ¹)?

109 487 211 548 omnia
238 485 397 546 exhaurire
425 502 486 543 non
513 486 560 542 est
586 483 678 542 huius
703 484 775 560 loci3
807 484 897 543 mitto
924 485 1021 561 igitur
1048 505 1127 546 com-

107 584 302 661 parationum
329 580 623 658 similitudinumque
651 581 867 658 frequentiam,
899 581 962 640 alia
989 585 1128 644 acumina

110 685 142 740 et
173 681 233 740 duo
266 681 365 740 solum
396 678 576 738 facetiarum
603 697 714 757 genera
741 677 921 754 describam,
954 696 1032 754 quae
1059 699 1128 740 cum

107 798 162 855 per
194 797 225 838 se
251 781 373 855 practer
400 780 501 837 cetera
528 780 600 836 sunt
628 776 759 854 insignia
786 780 853 835 tum
881 794 973 852 quam
999 777 1128 837 maxime

110 876 229 936 faciunt
247 877 285 936 ad
302 875 335 936 id
355 875 436 953 quod
454 893 534 933 nunc
551 892 717 952 persequor
732 874 892 933 consilium
904 874 1129 933 illustrandum.

176 973 281 1051 Cynici
308 973 405 1050 igitur
430 972 513 1048 apud
540 991 616 1050 quos
645 972 810 1032 laetissime
837 970 998 1032 Homerica
1026 971 1128 1032 studia

108 1063 338 1152 effloruerunt²)
370 1070 516 1129 familiari
548 1089 618 1129 cum
645 1070 776 1131 Homero
808 1071 943 1130 amicitia
970 1073 1128 1130 contracta

106 1189 168 1230 uon
199 1171 298 1230 solum
330 1187 420 1245 saepe
448 1167 594 1228 Homeri
620 1187 725 1230 versus
753 1168 956 1230 laudaverunt
983 1172 1013 1228 et
1040 1187 1127 1228 usur·

106 1259 303 1348 paverimt3),
337 1285 443 1327 verum
471 1267 564 1326 etiam
587 1265 781 1343 perlubenter
803 1265 939 1324 ridiculis
962 1264 1127 1341 parodiis

107 1365 299 1425 detorserunt
328 1365 360 1422 in
389 1363 545 1422 scribendo
574 1382 669 1438 aeque
697 1366 790 1439 atque
819 1363 851 1420 in
874 1360 1008 1420 dicendo.
1054 1361 1126 1421 Dio·

109 1480 199 1538 genes
232 1461 312 1520 enim
345 1461 512 1519 formosum
544 1460 764 1518 adolescentem
791 1477 881 1534 quem
907 1457 1127 1518 incustoditum

108 1558 346 1618 obdormientem
370 1557 525 1633 conspexit
546 1557 594 1615 his
613 1556 712 1615 verbis
735 1555 938 1633 expergefecit
961 1547 1008 1636 (L.
1027 1556 1063 1616 D.
1083 1556 1127 1615 Vl

110 1648 181 1736 53):
215 1648 318 1733 ‘surge
341 1647 382 1732 μή
408 1653 451 1726 τίς
474 1669 521 1714 σοι
544 1647 662 1714 εὕδοντι
684 1649 854 1736 μεταφρένῳ
878 1650 911 1713 ἐν
934 1647 1007 1732 δόρυ
1031 1645 1128 1734 (quod

108 1753 254 1813 obscoene
280 1745 372 1834 dixit)
394 1745 486 1832 πήξῃ’
511 1743 562 1832 (cf.
586 1751 621 1811 Π.
652 1752 678 1811 Θ
709 1752 749 1812 95
779 1744 820 1829 μή
846 1751 888 1823 τίς
915 1772 959 1811 τοι
987 1744 1128 1831 φεύγοντι

78 1857 81 1862 “
110 1847 281 1932 μεταφρένῳ
314 1847 347 1910 ἐν
380 1843 455 1927 δόρν
486 1842 545 1928 κήξ
567 1842 595 1931 );
628 1853 660 1910 et
691 1851 719 1910 ei
751 1850 805 1927 qui
835 1849 970 1927 pretiosa
1002 1849 1127 1926 opsonia

109 1953 221 2009 emeret
244 1949 321 2009 dixit
344 1940 391 2028 (L.
410 1948 448 2006 D.
467 1949 486 2007 l.
506 1941 558 2029 s.):
583 1941 749 2026 εὠκύμορος
772 1940 812 2025 δή
834 1969 894 2025 μοι,
916 1942 1008 2023 τέκος,
1031 1945 1127 2007 ἔσσεαι

107 2039 147 2107 οἷ’
168 2040 332 2127 ἀγοράζεις
357 2037 409 2126 (of.
428 2047 464 2105 ΙΙ.
484 2049 515 2104 Σ
531 2049 572 2107 95
598 2039 752 2124 ὠκύμορος
776 2038 814 2122 δή
833 2067 893 2122 μοι,
916 2041 1008 2118 τέκος,
1031 2041 1128 2103 ἔσσεαι

107 2135 147 2203 οἷ’
172 2135 347 2224 ἀγορεύεις).
395 2142 499 2204 Crates
530 2163 602 2206 vero
631 2134 679 2222 (L.
706 2142 743 2200 D.
766 2143 811 2200 VI
839 2135 897 2222 90)
926 2139 1035 2199 Thebis
1064 2141 1126 2204 sive

109 2237 247 2298 Corinthi
279 2258 297 2298 a
329 2240 465 2316 principe
498 2239 650 2316 gymnasii
680 2239 784 2315 flagris
818 2256 921 2298 caesus
954 2255 1023 2296 oum
1052 2236 1128 2314 pede

109 2338 281 2396 traheretur
300 2336 389 2395 dixit:
416 2330 490 2395 ‘ilus
507 2328 601 2407 ποδὸς
619 2328 745 2415 τεταγὼν
765 2328 814 2395 διὰ
833 2335 926 2413 βηλοῦ
944 2327 1126 2395 θεσπεσίοιο’

111 2426 163 2514 (cf.
182 2435 218 2493 11.
237 2437 267 2493 A
287 2436 350 2494 591
376 2432 446 2513 ῥῖψε
469 2426 562 2505 ποδὸς
584 2426 711 2512 τεταγὼν
736 2424 795 2492 dat
818 2433 912 2511 βηλοῦ
933 2423 1126 2512 θεσπεσίοιο).

108 2531 187 2589 ltem
211 2528 315 2590 Crates
344 2533 375 2589 et
397 2530 476 2590 Bion
498 2530 639 2606 parodias
663 2529 838 2590 Homericae
866 2529 1069 2588 adhibuerunt
1095 2528 1128 2587 in

107 2627 262 2687 nonnullis
286 2628 322 2687 de
347 2627 457 2704 quibus
480 2627 561 2686 infra
584 2628 755 2705 disputabo.

175 2724 375 2784 Perediarum
398 2725 551 2804 singulare
576 2726 728 2804 quoddam
751 2745 846 2804 genus
867 2727 916 2786 vel
935 2728 1013 2784 certe
1033 2725 1126 2786 dictio

106 2822 250 2900 parodiae
278 2822 435 2882 simillime
461 2823 600 2884 habenda
628 2829 674 2885 est
701 2825 811 2884 festiva
834 2823 958 2885 Homeri
982 2842 1126 2884 versuum

109 2920 328 2996 accomodatio,
362 2939 423 2998 qua
450 2921 542 2981 verba
569 2922 653 2983 aliud
680 2939 804 2998 prorsus
833 2921 908 2998 quid
930 2940 1022 2997 quam
1045 2920 1127 2998 quod

107 3058 321 3066 m...—

183 3105 616 3176 umuuwmmm

180 3188 208 3254 2)
224 3183 264 3238 Of.
281 3185 515 3254 Sengehuschins‚
532 3187 596 3242 dice.
613 3187 723 3242 Homer.
738 3185 751 3239 1
764 3204 791 3256 p.
805 3190 958 3252 llo—1183
979 3185 1127 3255 Vcennos,

109 3270 209 3333 quaest.
221 3265 353 3319 Ananim.
364 3283 392 3335 p.
405 3270 524 3332 14-183
544 3262 753 3333 Ducmmlcrns‚
772 3265 964 3321 Antiettenica
978 3281 1004 3333 p.
1018 3269 1050 3318 16
1066 3280 1125 3334 sqq.
1216 3305 1220 3312 .

180 3343 1125 3415 amuuwmfflmrmuwmufflpwm

107 3422 216 3492 (recu
234 3423 274 3477 VI
293 3429 327 3480 ec
342 3427 383 3490 (Σ
395 3425 470 3494 scau
485 3424 525 3480 vl
541 3430 591 3481 roe
607 3426 636 3495 (e
650 3427 727 3494 esau
742 3424 781 3480 lv
795 3429 829 3480 ει
846 3426 879 3494 (z
893 3425 970 3494 auu
987 3422 1126 3496 unnim,

107 3502 529 3576 dmmmfflmoem
