2466 3832
507 185 726 249 ..21-

84 334 91 347 ⁸
110 352 252 412 videntur
260 343 293 432 ¹).
321 351 401 409 hunc
421 349 556 408 ordinem
570 347 748 408 Callimachi
766 348 933 408 cirminum
952 350 1128 428 catalogum

111 448 165 526 qui
188 449 269 526 apud
293 447 419 507 Suidam
442 451 489 506 est
510 449 613 506 tenere
636 445 841 515 demonstravi
863 448 945 525 apud
963 447 1127 524 Daubium,

111 548 146 607 de
168 546 278 607 Scidce
300 544 686 620 matronarumrque
709 549 735 604 et
756 546 815 618 fide
836 565 865 621 p.
889 547 969 622 4653
997 545 1125 605 eundem

109 643 159 703 hic
191 643 314 703 subesse
346 641 497 719 existimo,
529 641 574 700 ita
606 645 643 702 ut
671 642 752 702 inter
779 639 835 718 ἔπη
863 642 956 700 etiam
990 641 1129 721 ἰνδαλμοί

110 743 321 818 numerentur,
348 742 516 818 sequantur
539 739 689 816 dramata,
713 739 857 799 ultimum
879 741 981 798 locum
1002 742 1127 801 teneant

46 834 51 843 '
110 835 199 916 μέλος
230 839 338 898 horum
365 837 446 897 enim
472 856 533 897 non
560 837 661 896 solum
688 841 759 896 sunt
786 836 916 915 cinaedi,
949 820 1002 895 sed
1035 836 1127 894 etiam

110 936 195 996 sillos
222 936 303 995 inter
329 954 366 995 ea
387 936 502 995 relatos
530 954 594 996 esse
618 954 637 995 a
659 924 864 1014 grammaticis
891 934 1007 1013 graecIs
1035 951 1127 1010 supra

87 1026 153 1116 .(p.
175 1026 210 1116 7)
233 1035 373 1095 vidimus.

176 1131 284 1202 Dicam
311 1131 348 1189 de
376 1129 506 1207 singidis
534 1130 706 1189 accuratius
734 1134 826 1208 atqm
848 1130 981 1208 primum
1004 1128 1127 1207 quidem

112 1229 148 1288 de
170 1229 360 1307 poematis.

167 1321 248 1404 Ἔπη
272 1343 422 1403 quaenam
444 1327 565 1401 praeter
587 1324 736 1385 indalmos
760 1325 917 1384 extiterint
939 1325 1123 1402 ignoramus.

109 1421 279 1500 ἰνδαλμοί
304 1441 375 1483 vcro
404 1423 499 1499 elegis
526 1423 685 1498 compositi
712 1422 850 1498 fuorunt3
877 1423 951 1498 ipsis
972 1422 1059 1480 -enim
1081 1423 1126 1481 in-

110 1519 218 1578 dalmis
252 1517 434 1577 adscribitur
465 1518 670 1595 fragmentum
702 1520 871 1597 elegiacum
897 1510 941 1600 (I)
971 1519 1053 1596 quod
1080 1522 1127 1578 est

110 1615 192 1692 apud
211 1614 369 1673 Laertium
386 1615 474 1692 Diog.
488 1615 533 1673 IX
548 1616 599 1692 65,
623 1634 754 1692 quocum
776 1617 943 1676 arctissime
966 1617 1127 1676 cohaerent

109 1731 215 1776 versus
239 1713 293 1791 qui
311 1714 458 1792 leguntur
482 1711 567 1791 apud
587 1704 714 1773 Sextum
736 1714 860 1792 Empir,
883 1716 948 1774 ado.
969 1718 1125 1789 ςνοννωοί.

109 1813 125 1871 Ι
148 1813 210 1872 305
237 1815 268 1872 et
290 1812 356 1872 adv.
379 1813 502 1888 deamat.
521 1812 549 1871 V
571 1816 598 1892 1,
620 1813 695 1871 item
718 1811 855 1871 adhibita
877 1811 1001 1891 egregia
1026 1831 1125 1871 emen·

109 1910 231 1970 datione
251 1909 383 1969 Fabricii
406 1914 438 1970 et
455 1910 588 1989 Menagii
612 1902 666 1992 (ad
683 1910 717 1969 L.
731 1910 768 1969 D.
782 1910 826 1969 IX
842 1912 906 1969 110
930 1928 992 1988 qua
1014 1930 1068 1987 pro
1093 1907 1126 1969 ἐν

108 2011 184 2069 τοῖσι
203 2001 309 2086 δήμοις
328 2008 492 2086 corrigitur
509 2005 542 2068 ἐν
555 2012 616 2080 τοῖς
630 1998 797 2088 ἰνδαλμοῖς)
816 2009 949 2068 alterum
963 1998 1024 2089 (Π)
1044 2007 1126 2084 quod

109 2125 145 2166 ex
178 2105 295 2165 duobus
328 2105 465 2165 distichis
495 2107 615 2165 constat
644 2103 726 2181 apud
754 2103 879 2164 Sextum
907 2106 973 2164 cdv.
1002 2106 1125 2177 doomot.

109 2203 138 2260 V
161 2205 212 2262 20.
253 2203 367 2263 diserto
398 2205 557 2280 praeterea
585 2201 759 2261 testimonio
787 2201 933 2279 Diogenis
962 2194 1021 2281 (IX
1045 2190 1125 2280 105)

12 2286 18 2293 ⁶
110 2301 229 2358 constat
260 2299 296 2357 de
324 2300 498 2357 hexametro
522 2289 612 2378 (ΠΙ),
646 2297 699 2373 qui
725 2297 856 2356 iteratur
884 2296 1031 2374 aSexto,
1059 2298 1125 2356 ado.

110 2397 233 2469 docmat.
250 2395 324 2456 130
347 2398 378 2454 et
396 2412 415 2452 a
434 2392 557 2471 Galeno,
576 2397 611 2455 de
629 2398 754 2468 cenoso.
767 2396 847 2469 pots.
866 2394 919 2454 lib.
937 2395 953 2453 Ι
976 2385 1063 2475 (tom.
1077 2393 1126 2452 HI

108 2514 138 2570 p.
158 2494 200 2552 54
224 2496 296 2552 extr.
320 2492 364 2552 cd.
382 2491 491 2569 Basil.;
513 2495 585 2552 tom.
604 2491 681 2552 VIII
698 2513 727 2569 p.
749 2494 810 2553 781
836 2493 881 2553 ed.
899 2483 1024 2573 thn.).
1057 2509 1125 2551 ecoe

111 2589 208 2667 igitur
234 2590 307 2650 haec
331 2608 410 2668 quae
433 2592 516 2649 certa
538 2594 611 2650 sunt
632 2591 835 2651 indalm0rum
857 2574 1030 2670 fragmenta
1051 2589 1125 2650 tria:

570 2722 574 2727 ·
605 2689 622 2747 I

198 2778 284 2845 τοῦτό
306 2807 370 2863 μοι,
394 2773 417 2846 ὦ
440 2778 585 2865 Πύρρων,
608 2777 838 2867 [eslcetot-rimo
862 2781 1002 2863 ἀκοῦσαι,

242 2886 306 2956 πῶς
328 2876 394 2944 ποτ’
420 2876 497 2962 ἀνὴρ
520 2877 559 2944 ἔτ’
584 2877 665 2964 ἄγεις
687 2885 778 2967 debora
801 2872 869 2963 μεθ’
893 2879 1020 2964 ἡσυχίης

198 2978 256 3041 αἰεὶ
279 2974 480 3061 ἀφροντίστως
501 2979 551 3042 καὶ
574 2973 721 3060 ἀκινήτως
743 2975 817 3043 κατὰ
839 2976 944 3059 ταύτά,

243 3072 459 3160 νὴπροσέχων
482 3073 608 3162 δίνοιςῖ)
631 3072 782 3160 ἡδολόγον
805 3079 928 3158 σοφίης,

83 3318 85 3324 ,
151 3298 157 3309 .
182 3259 208 3327 1)
226 3258 258 3313 Id
276 3275 310 3315 eo
328 3257 440 3314 facilins
458 3257 572 3314 admitti
588 3259 694 3328 potuit,
714 3257 789 3326 quod
804 3255 870 3320 ἔπος
883 3256 1023 3312 vocabulo
1037 3254 1122 3311 hexa-

108 3339 199 3391 meter
225 3337 383 3408 dactylicus
410 3336 635 3407 signiflcabatur,
663 3337 742 3392 cuins
768 3335 904 3405 gemellus
931 3336 1016 3404 plane
1039 3351 1123 3405 quem

107 3417 314 3487 pentametrum
331 3419 406 3474 male
426 3418 564 3472 dixerunt.

181 3499 209 3564 2)
227 3497 374 3568 προσέχων
392 3498 482 3558 dicore
499 3495 598 3551 Nauck
615 3495 715 3565 philol.
729 3494 755 3548 V
773 3512 801 3564 p.
818 3500 882 3549 692:
901 3492 1046 3566 προσέχων
1065 3498 1123 3550 δει-

110 3578 169 3645 λοῖς
186 3575 265 3647 libri,
283 3570 400 3647 πρόσεχ’
421 3574 567 3645 tetolonis
584 3574 693 3648 Bergk,
711 3590 807 3632 corum.
824 3576 890 3633 crit.
907 3575 1018 3644 abach
1029 3593 1067 3640 u.
1079 3579 1109 3622 k

1195 3654 1215 3781 1
