2466 3832
494 163 536 173 -ω-
586 127 649 192 184
694 163 736 172 -
1000 152 1134 196 umerus

579 308 649 367 LXI

152 427 210 488 καί
232 446 282 501 τις
302 419 501 504 Ἀρίστωνος
522 421 643 510 γενεὴν
666 421 731 491 dno
755 421 900 510 αἱμύλον
924 426 1034 493 ἕλκων

175 607 261 648 rnsr.
291 590 466 650 Laertius
489 590 591 668 Diog.
614 589 675 648 VII
700 594 761 650 161
791 586 868 652 οὗτοι
891 587 925 652 δὲ
948 596 1130 671 φιλοσοφῶν

110 677 262 768 (Ἀρίστων
285 679 301 746 ὁ
321 689 411 763 Χῖος,
432 687 559 747 Zenonis
578 687 667 748 stoici
685 681 868 770 discipulus)
891 686 941 749 καλ
959 687 994 750 ἐν
1012 693 1131 752 Κυνοσ-

109 775 193 864 ώργει
216 778 423 864 διαλεγόμενος
450 783 569 863 ἴσχυσεν
591 777 752 863 αἱρετιστὴς
774 779 906 846 ἀκοῦσαι.
952 781 1128 866 Μιλτιάδης

108 870 164 943 οὖν
195 880 245 940 καὶ
273 881 399 958 Δίφιλος
422 876 619 960 Ἀριστώνειοι
650 877 911 962 προσηγορεύοντο.
952 867 995 962 ἦν
1022 881 1058 944 δέ
1084 907 1127 958 τις

107 972 253 1049 πειστικὸς
276 975 325 1038 καὶ
348 974 424 1060 ὄχλῳ
447 976 652 1057 πεποιημένος.
697 974 771 1040 ὅθεν
794 974 810 1042 ὁ
837 980 937 1058 Τίμων
959 978 1035 1060 φησὶ
1059 979 1127 1062 περὶ

106 1068 211 1136 αὐτοῦ·
237 1072 307 1134 «nul
328 1107 366 1116 —
388 1072 512 1135 ἕλκων».

176 1185 281 1258 γενεὴν
303 1190 433 1246 Meiueke
456 1207 507 1260 per
530 1190 655 1247 litterae:
683 1190 785 1263 γέννης
810 1194 875 1249 libri
897 1195 972 1263 quod
996 1194 1126 1253 defendit

107 1276 273 1334 Schaelerus
287 1279 317 1334 in
330 1279 471 1335 Huebner.
487 1279 554 1335 edit.
570 1283 718 1336 comment
733 1281 815 1352 Diog.
830 1281 1028 1352 volupiae
1043 1284 1124 1340 adhi-

107 1367 169 1423 bita
187 1367 282 1439 ellipei
300 1369 359 1424 eius
378 1367 489 1439 generis
507 1370 600 1438 quode
617 1369 679 1440 ipse
693 1370 765 1424 dixit
782 1371 820 1424 ad
838 1369 915 1425 Bosii
933 1371 1025 1442 ellipe.
1040 1391 1069 1442 p.
1081 1379 1123 1442 76,

107 1453 191 1526 μένης
204 1457 239 1510 Η
241 1480 249 1523 ς
267 1456 371 1527 γέννην
389 1457 492 1514 Coraes
509 1453 619 1513 ἄτακτα
633 1459 672 1512 ΠΙ
685 1478 712 1530 p.
730 1465 781 1515 183
797 1461 802 1529 Ι
817 1455 876 1514 ἀπὸ
893 1459 985 1530 81²¹!
1001 1458 1123 1532 αἱμύλον

106 1561 202 1600 omnes
221 1545 372 1602 editiones:
397 1543 516 1617 αἱμύλον
539 1546 594 1618 Gt)
613 1550 643 1602 et
661 1548 794 1618 Stephan.
813 1564 890 1617 poor.
907 1548 1010 1619 philos.
1030 1569 1059 1620 p.
1080 1558 1123 1621 68,

105 1630 224 1703 αἱμύλον
234 1637 315 1704 (corr.
326 1653 360 1690 ex
371 1630 484 1704 ἕμώλον)
491 1636 537 1703 1³¹,
553 1633 672 1706 αἱμύλον
679 1636 714 1689 Η
718 1653 798 1706 mrg„
815 1631 917 1707 ἔμολον
924 1637 961 1707 Β,
977 1633 1126 1710 ὁμώληνΗ

172 1803 268 1844 coum.
293 1783 402 1844 Omnia
419 1785 482 1844 fere
502 1785 541 1844 ad
559 1786 840 1862 interpretationem
862 1789 1032 1848 necessaria
1051 1808 1123 1869 snp-

104 1881 223 1958 peditat
245 1881 330 1940 locus
348 1881 464 1940 Laertii
482 1900 575 1958 supra
593 1883 774 1959 descriptus:
799 1883 877 1944 addo
899 1888 1002 1944 tamen
1025 1887 1124 1948 homi·

104 1997 174 2038 nem
200 1976 402 2055 persuadendi
430 1978 577 2038 facultate
605 1981 755 2058 insignem
782 1983 927 2060 Σειρῆνος
954 2001 1125 2060 cognomen

103 2077 211 2136 tulisse
240 2067 293 2158 (cf.
316 2075 417 2136 Laert.
441 2076 529 2154 Diog.
552 2076 614 2134 VH
640 2069 716 2159 160)
748 2080 779 2137 et
807 2079 981 2155 saepissime
1014 2079 1124 2143 simili-

102 2174 209 2235 tudine
232 2179 268 2234 ut
292 2175 427 2251 apprime
450 2175 559 2235 idonea
582 2176 621 2235 ad
643 2175 833 2236 audientium
856 2177 970 2236 animos
990 2196 1124 2242 commo·

103 2272 215 2332 vendos
249 2291 340 2332 usum
372 2291 449 2349 esse;
481 2273 561 2333 unde
588 2274 704 2333 factum
732 2277 769 2332 ut
797 2274 862 2333 eius
890 2266 1062 2351 ὁμοιώματα
1091 2279 1125 2339 in

104 2370 376 2431 declamationibus
396 2375 545 2448 usurpata
564 2372 712 2450 singulari
730 2371 808 2431 libro
827 2372 1046 2449 colligerentur
1068 2367 1124 2456 (cf.

102 2468 286 2528 Ritsohelius
310 2487 411 2544 opusc.
429 2469 503 2544 phil.
522 2470 538 2529 I
558 2490 587 2545 p.
608 2472 671 2530 557
683 2488 747 2546 sqq.
771 2472 802 2528 et
819 2469 980 2547 Hiraelius,
1005 2470 1124 2534 Ualero.

104 2565 136 2624 H
150 2566 250 2626 adnot.
266 2569 284 2626 2
301 2567 340 2626 ad
353 2587 381 2643 p.
394 2559 464 2647 31);
483 2567 612 2643 denique
633 2567 698 2626 eius
718 2567 835 2627 scholas
850 2586 868 2626 a
881 2567 1041 2645 permultis
1061 2570 1123 2631 fre·

104 2664 264 2738 quentatas
288 2680 352 2722 esse
377 2653 429 2744 (of.
447 2662 481 2721 L.
500 2662 536 2720 D.
553 2663 614 2722 vu
631 2665 692 2724 182
717 2683 848 2740 quocum
870 2665 1021 2726 consentit
1044 2665 1124 2726 Era·

102 2757 250 2816 tosthenis
269 2757 479 2818 testimonium
496 2758 577 2834 apud
597 2759 776 2820 Strabonem
794 2762 810 2821 I
829 2765 858 2841 2,
874 2765 892 2821 2
913 2784 941 2840 p.
963 2754 1027 2842 15).

503 2895 717 2907 ———-

565 2988 651 3048 LXII

169 3113 341 3174 Laertius
364 3113 466 3192 Diog.
485 3112 528 3172 IX
548 3115 589 3174 69
612 3102 657 3192 ἦν
678 3109 942 3193 πολεμιώτατος
964 3119 1039 3187 τοῖς
1063 3133 1122 3178 σο-

101 3217 260 3289 φισταῖς,
287 3205 327 3285 cic
344 3209 395 3272 καὶ
415 3211 515 3290 Τίμων
536 3209 629 3288 φησίν
647 3202 706 3292 (sic
721 3211 896 3303 ΙἸῈΗΡΘΞ
916 3205 1038 3290 Τὶμωνώ
1058 3236 1122 3292 φη-

103 3325 151 3369 σιν
168 3310 214 3386 Β,
239 3303 361 3388 Τίμωνώ
384 3326 477 3385 φασιν
498 3302 539 3385 s).

168 3406 272 3466 Sermo
292 3412 339 3467 est
357 3407 393 3467 de
410 3405 634 3485 Eurylocho‚
658 3407 823 3485 Pyrrhonis
842 3406 991 3483 discipulo
1009 3427 1118 3488 neque,

101 3506 137 3562 ut
159 3502 286 3564 Pauline
308 3525 338 3580 p.
362 3505 403 3564 49
432 3503 625 3580 editoresque
648 3503 795 3582 Diogenis
824 3503 940 3580 opinati
967 3509 1051 3583 sunt,
1081 3507 1120 3567 de
