2466 3832
500 113 721 181 ..33..

103 292 213 356 ponere
246 295 348 339 omnes
378 273 652 360 πεπαρφδημένους
683 297 803 357 versus,
835 279 888 340 sed
915 280 1022 340 curavi
1050 280 1119 340 sub·

103 376 236 439 iciendos
259 375 396 454 singulos
419 375 548 454 singulis
568 377 720 437 Timoneis
743 377 893 454 versibus,
918 396 978 455 qua
1000 378 1119 438 ratione

103 488 191 548 spero
215 473 278 532 fore
301 476 338 532 ut
360 473 459 532 faceta
481 473 622 533 acumina
640 493 728 551 saepe
751 475 808 534 hac
825 474 1019 552 potissimum
1036 475 1120 535 inre

12 594 29 621 ο
103 569 204 646 posita
240 570 427 631 commodius
464 574 495 630 et
528 571 649 647 planius
680 572 908 650 intellegantur.
953 571 1121 632 Homerum

104 671 208 727 autem
230 686 359 745 eumque
383 669 483 728 solum
505 687 524 727 a
544 668 670 728 Timone
692 668 857 751 παρῳδίαις
879 688 943 729 esse
966 669 1121 729 detortum

103 784 164 825 nou
182 769 229 826 est
246 783 301 825 our
313 764 440 824 mireris.
467 783 598 843 namque
611 765 744 845 Homeri,
763 767 930 827 communis
946 767 1121 826 litterarum

103 862 206 940 fontis,
224 881 328 925 versus
344 866 376 923 et
388 862 541 923 laudando
561 866 592 923 et
604 863 789 924 deflectendo
803 863 879 925 etin
893 864 1121 925 sermocinando

105 964 135 1022 at
152 961 184 1019 in
204 960 359 1020 scribendo
378 959 587 1020 lubentissim
605 959 790 1022 adhibebant
807 980 878 1022 cum
896 979 997 1022 omnes
1013 958 1122 1020 Graeci

104 1057 157 1135 qui
180 1060 247 1119 toto
270 1057 358 1116 corde
381 1056 548 1117 Homerum
571 1077 590 1116 a
611 1059 714 1134 pueris
737 1063 907 1137 noscerent,
934 1062 1002 1119 tum
1022 1058 1121 1134 philo-

104 1154 191 1233 sophi
210 1154 321 1232 quibus
340 1154 462 1215 omnino
476 1155 606 1215 maxime
624 1156 742 1232 placuit
759 1156 792 1215 in
811 1158 920 1218 scholis
940 1155 1122 1233 scriptisque

104 1252 235 1312 orationi
256 1271 362 1313 versus
384 1252 566 1330 immiscere,
596 1256 633 1311 ut
656 1251 794 1313 Socrates
819 1245 916 1334 (apud
938 1244 1121 1332 Platonem),

103 1349 193 1411 Plato
217 1342 270 1432 (cf.
283 1349 317 1409 L.
331 1350 368 1409 D.
382 1350 463 1410 1115
488 1354 658 1430 cunctaque
681 1350 778 1427 ipsius
797 1343 938 1432 scripta),
962 1350 1121 1427 Diogenes,

104 1448 217 1525 Crates,
236 1448 323 1526 Bion,
342 1449 504 1525 Menippus
523 1441 575 1531 (de
595 1449 706 1528 quibus
725 1452 795 1526 post
813 1440 935 1529 dicam),
954 1446 1122 1531 Carneades

104 1536 157 1627 (cf.
180 1547 213 1605 L.
236 1547 273 1606 D.
296 1546 341 1604 IV
361 1539 433 1627 64),
456 1545 582 1608 Ariston
605 1538 658 1628 (of.
681 1547 715 1606 L.
738 1546 775 1606 D.
798 1546 843 1604 IV
867 1537 938 1626 33),
962 1544 1122 1604 Cleanthes

104 1633 156 1724 (cf.
180 1643 213 1704 L.
236 1644 273 1703 D.
296 1643 357 1702 VH
382 1635 474 1724 172),
505 1644 642 1721 inprimis
675 1647 779 1704 autem
811 1642 945 1702 Timonis
977 1642 1124 1720 magister

103 1740 242 1817 Pyrrhon
260 1740 359 1817 quode
379 1759 472 1816 supra
491 1732 535 1821 (p.
553 1734 608 1824 16)
628 1741 697 1800 dixi.
729 1741 799 1801 inde
818 1741 911 1801 etiam
933 1741 1050 1799 factum
1069 1743 1123 1816 est,

104 1842 141 1896 ut
163 1838 309 1913 permulti
331 1837 460 1915 singulis
486 1830 680 1899 carminibus*
692 1838 842 1915 parodicis
866 1838 955 1896 illum
978 1836 1123 1912 exprime·

104 1938 180 2011 rent,
200 1938 261 2012 qua
280 1935 316 1995 de
339 1955 372 1995 re
394 1955 432 1995 ne
455 1935 595 2012 pluribus
618 1935 836 2012 disputandum
854 1935 895 1995 sit
914 1934 1055 1994 effectum
1077 1938 1124 1993 est

105 2035 209 2113 sagaci
231 2034 268 2093 A.
291 2033 434 2094 Welandi
457 2034 668 2095 dissertatione
689 2035 724 2093 dc
740 2035 912 2108 praeceperis
930 2033 1035 2107 puroet.
1060 2031 1124 2090 Ho-

104 2135 201 2194 meris.
224 2133 414 2206 emporibus
437 2150 485 2206 ap.
506 2131 559 2194 Gr.
583 2124 736 2214 (Gotting.
757 2122 867 2211 1833).

172 2230 333 2290 Praeterea
356 2230 458 2309 epicae
478 2230 627 2309 quaedam
645 2229 806 2306 dictiones,
831 2228 936 2305 quales
955 2230 1028 2286 sunt
1046 2218 1125 2303 ὁμῶς

105 2321 218 2403 ἄφατοί
237 2349 267 2388 τε
290 2327 382 2404 φατοί
401 2348 431 2388 τε
454 2319 506 2410 (fr.
520 2319 649 2408 XXXII)
673 2327 723 2388 vel
744 2319 811 2386 κάκ’
838 2313 968 2405 ἐλέγχεα,
991 2319 1125 2403 γαστέρες

106 2417 172 2486 οἷον
191 2419 242 2508 (fr.
256 2418 402 2507 XXXIII)
422 2427 471 2487 vel
489 2419 556 2487 ἴσον
573 2419 690 2504 ἁπάντῃ
710 2414 761 2504 (fr.
776 2415 901 2504 XXXX)
923 2441 959 2482 ex
972 2420 1126 2483 Hesiodi

106 2524 290 2582 carminibus
328 2515 392 2604 (op.
422 2528 448 2582 et
474 2525 512 2582 cli.
542 2524 575 2598 33
607 2523 694 2596 tbcop.
724 2522 779 2597 263
807 2512 893 2601 524)
931 2520 1124 2596 depromptae

108 2620 230 2697 quidem
253 2623 325 2679 sunt
348 2619 400 2678 sed
423 2619 547 2677 minime
569 2618 708 2678 deflexae.

174 2718 311 2776 Fuerunt
334 2715 469 2793 quidem,
494 2715 547 2792 qui
569 2717 689 2791 praeter
706 2712 882 2774 Homericos
904 2732 1009 2774 versus
1034 2713 1127 2773 etiam

108 2814 202 2873 alios
226 2814 361 2873 detortos
385 2829 449 2871 esse
469 2812 696 2888 contenderent,
719 2811 806 2871 velut
823 2811 970 2888 tragicos,
993 2810 1026 2869 id
1045 2809 1127 2886 quod

108 2911 281 2989 Drydenius
308 2909 431 2988 putavit
454 2909 486 2968 in
508 2908 760 2970 commentatione
783 2907 821 2967 de
844 2909 952 2985 satira,
980 2906 1127 2986 Anglioae

109 3008 264 3070 Iuvenalis
281 3007 527 3084 interpretationi
544 3006 718 3084 praemissa,
737 3006 825 3085 cuius
839 3009 941 3065 tarnen
960 3005 1128 3067 sententiae

109 3128 207 3186 neque
226 3108 325 3165 ullum
344 3105 554 3165 testimonium
573 3104 680 3165 attulit
698 3122 796 3182 neque
820 3103 925 3163 afferre
943 3103 1055 3180 potuit,
1078 3103 1125 3162 vel

109 3204 311 3282 Empedoclis,
323 3202 484 3279 Theocriti,
500 3202 641 3262 carminis
655 3202 740 3263 aurei
753 3219 868 3279 versus,
884 3219 1013 3278 quorum
1026 3200 1127 3260 imita-

110 3304 204 3363 tionis
218 3321 316 3379 nuper
331 3303 432 3360 extare
446 3299 505 3358 sibi
522 3299 674 3376 persuasit
686 3298 879 3376 Mullachius,
898 3302 1005 3372 quaest.
1020 3297 1128 3372 Empo-

111 3401 182 3461 dccl.
205 3401 251 3477 H,
275 3421 303 3475 p.
329 3401 369 3458 29
386 3417 428 3476 sq.
452 3398 599 3458 nonnulla
621 3398 813 3472 documenta,
842 3414 919 3472 quae
943 3396 1005 3454 fere
1029 3394 1129 3454 omnia

110 3497 156 3557 ita
180 3498 354 3572 comparata
378 3498 462 3573 sunt,
487 3498 523 3553 ut
546 3496 572 3555 si
595 3495 671 3556 talia
694 3514 763 3555 cum
781 3492 933 3553 Timoneis
957 3493 1129 3568 conspirare
