2466 3832
502 129 725 194 ,30-

106 296 231 355 Timone
263 294 438 353 lacessitum
465 293 616 371 Diogenes
644 285 702 374 (IX
727 285 805 374 115)
833 292 929 353 tradit
951 294 1127 354 ‘laudatum

105 411 183 468 esse3
215 393 319 470 itaque
352 392 390 450 ed
422 394 503 451 hunc
531 392 644 451 librum
673 393 771 452 refero
800 391 881 468 quod
908 392 1031 468 scripsit
1057 393 1124 452 Nn-

104 491 221 550 menius
245 482 288 572 (p.
309 493 349 551 33
375 483 536 572 Theding.)
560 509 608 567 cp.
629 489 741 550 Euseb.
759 507 863 565 praep.
887 507 927 549 eo.
950 489 1022 548 XIV
1048 493 1080 568 6,
1101 493 1121 550 5

103 609 133 665 p.
150 580 230 648 731b
244 584 391 660 Μνασέας
404 585 453 648 καὶ
469 582 636 666 Φιλόμηλος
649 585 699 647 καί
716 586 834 665 Τίμων
852 585 884 648 οί
896 583 1043 648 σκεπτικοί
1058 603 1121 648 σκε-

104 678 209 746 πσιπὸν
232 679 323 747 αὐτὸν
343 677 561 766 (Arcesilaum)
580 679 868 764 προσονομάζουσιν,
887 730 894 746 .
914 679 1122 764 ,ἀναιροῦντα

104 780 155 843 καὶ
177 776 269 845 αὑτὸν
290 776 322 843 τὸ
346 777 456 861 ἀληθὲς
478 780 528 842 καὶ
550 775 581 843 τὸ
600 779 786 868 ψεῦδοςμιιαλ
809 775 841 843 τὸ
859 777 1002 844 πιθανόν.
1039 784 1123 842 simi·

103 882 176 941 liter
202 883 312 940 scimus
341 872 393 961 (cf.
417 880 450 939 L.
473 881 510 939 D.
533 881 581 939 IH
605 872 639 961 2)
669 898 687 937 a
711 879 881 956 Speusippo
904 881 936 938 in
960 874 1123 954 Πλάτωνος

84 978 282 1059 ,περιδείπνῳ
306 978 465 1038 Platonem
491 977 700 1053 praedicatum
728 995 805 1054 esse3
833 978 887 1037 sed
910 979 963 1056 qui
987 979 1123 1044 Timonis

104 1095 203 1136 mores
222 1078 396 1152 perspectos
414 1074 507 1132 habet
524 1073 614 1132 facile
633 1073 691 1132 sibi
714 1075 917 1153 persuadebit,
932 1070 1121 1153 Ἀρκεσιλάου

103 1171 293 1250 περίδειπνον
325 1190 385 1231 non
422 1173 522 1230 solnm
555 1171 661 1231 leudes
693 1170 843 1231 Arcesilai
875 1173 1014 1248 scepticis
1048 1192 1122 1234 sene

104 1369 233 1428 tinuisse
263 1368 316 1428 sed
343 1368 436 1427 etiem
464 1366 493 1426 ei
518 1366 755 1443 repugnantium
777 1365 1026 1441 philosophorum
1053 1367 1121 1425 irri-

105 1466 213 1526 siones,
246 1466 477 1544 quamodrem
496 1464 618 1525 δεῖπνον
637 1462 832 1539 aptissimum
846 1463 915 1540 fuit,
934 1448 1022 1522 cuius
1040 1463 1123 1524 inter

104 1563 249 1640 κομψείας
272 1562 443 1622 eLuciano
467 1553 680 1642 (Promotus)
705 1552 863 1639 ouoippcw
885 1554 989 1621 καὶτὸ
1013 1560 1122 1621 διασιλ-

105 1659 217 1720 λαίνειν
238 1657 289 1719 καί
312 1656 448 1739 ἐπιγελᾶν
470 1661 654 1736 referentur,
685 1659 717 1716 iu
740 1678 800 1736 quo
824 1653 970 1736 ζητήματα
992 1659 1122 1736 proponi

105 1758 196 1817 solita
219 1757 280 1816 sint
303 1757 502 1834 certatimque
522 1776 540 1814 n
559 1756 694 1816 convivis
713 1757 803 1832 solvi,
826 1756 858 1813 in
881 1757 967 1813 cuius
991 1757 1121 1815 formam

103 1854 215 1912 idcirco
238 1854 374 1914 irrisoria
397 1854 530 1912 carmine
553 1854 728 1929 frequenter
751 1856 822 1910 sunt
843 1852 973 1911 redacta.
1020 1854 1119 1929 suspi-

104 1954 190 2010 cetur
216 1951 314 2030 igitur
341 1951 492 2030 quispiam
519 1970 579 2010 non
607 1950 709 2026 inepte
736 1951 816 2008 hunc
843 1949 955 2008 librum
979 1950 1120 2011 similiter

104 2054 313 2126 comparatum
330 2050 437 2109 luisse
470 2052 563 2126 etque
590 2047 736 2106 Varronis
766 2051 900 2107 saturam
927 2032 1122 2124 Menippeam

105 2148 270 2210 Μενίππου
293 2142 409 2227 ταφήν,
438 2148 525 2208 cuius
552 2146 684 2206 indolem
707 2145 866 2222 descripsit
889 2143 961 2205 Otto
985 2146 1120 2206 Ribbeck

104 2262 181 2307 mns.
200 2248 294 2307 Ithen.
312 2247 384 2306 XIV
401 2268 431 2324 p.
452 2248 515 2306 126
529 2263 585 2322 sq,
608 2263 705 2322 neque
728 2262 910 2322 magnopere
934 2243 1120 2321 discrepasse

104 2362 123 2402 n
155 2345 240 2406 sillis.
286 2365 393 2407 verum
428 2333 566 2406 versibus
603 2362 641 2402 an
679 2344 780 2403 solute
817 2342 952 2403 oratione
989 2343 1120 2419 scriptus

103 2443 198 2502 fuerit
219 2443 309 2521 liber,
332 2463 393 2503 non
416 2443 521 2520 liquet.

173 2540 221 2598 Sic
244 2540 295 2600 vin
319 2540 406 2617 quasi
428 2539 621 2615 praemunite
647 2537 724 2596 nihil
746 2537 873 2613 impedit
896 2538 1057 2620 quominus
1081 2536 1120 2595 cd

104 2634 197 2695 libros
225 2621 301 2695 illos
323 2635 538 2712 aggrediemur
565 2633 675 2710 quibus
699 2634 807 2693 Timon
834 2633 899 2709 ipse
926 2639 1048 2695 tentum
1074 2636 1119 2693 in-

105 2731 226 2807 scripsit
249 2722 423 2811 ΣΙΛΛΟΙῙ);
447 2731 540 2791 verbe
561 2729 643 2788 enim
667 2748 745 2807 qnae
769 2730 924 2790 adduntur
947 2733 1028 2810 apud
1052 2732 1119 2790 Sui·

105 2828 174 2887 dem
196 2848 223 2888 v.
246 2826 416 2904 Τίμων...
437 2822 504 2905 ἤτοι
525 2821 642 2906 ψόγους
663 2828 723 2885 τῶν
745 2821 921 2905 φιλοσόφων
944 2827 1118 2903 interpretis

105 2928 177 2984 sunt
200 2923 449 3002 cuiusdem‚'non
473 2923 615 2983 Timonis.

177 3125 202 3190 1)
222 3121 352 3177 Ceterum
375 3119 443 3175 eatis
465 3122 550 3176 notne
572 3119 770 3190 neglegentiae
796 3139 880 3191 quam
898 3121 928 3174 in
946 3113 1038 3174 titulis
1056 3117 1116 3172 len·
1143 3159 1148 3167 .

105 3202 205 3257 dandis
233 3200 436 3257 recentioribus
464 3200 638 3269 temporibus
664 3199 719 3256 sibi
740 3197 1118 3269 indulserunt,grcmmntici

104 3284 263 3352 exemplum
281 3280 464 3336 memorabile
487 3280 577 3334 trudit
595 3279 754 3350 Stephanus
773 3283 835 3349 Byr.
855 3299 881 3335 v.
902 3278 1015 3345 Φλιοῦς,
1041 3278 1118 3347 epud

104 3380 187 3431 quem
210 3362 315 3433 legitur
335 3363 431 3431 Τίμων
454 3355 469 3416 ὁ
489 3359 568 3428 περὶ
591 3362 690 3416 σίλλων
713 3355 875 3431 γεγραφῶςς
900 3359 975 3427 apud
994 3356 1116 3412 Gellium

103 3441 241 3510 11117‚4
264 3443 323 3511 (qni
342 3443 431 3505 σίλλος
449 3442 623 3511 demetitur)
646 3441 676 3497 in
698 3456 754 3496 uno
777 3437 965 3506 antiquiorum
989 3436 1117 3492 codicum

104 3523 198 3583 σίλλος
216 3522 272 3587 est,
290 3521 320 3574 in
339 3519 440 3576 ceteris
459 3525 566 3576 σίλλων.
