2466 3832
106 96 346 140 naxvrm-xx
499 113 541 122 -
588 78 651 142 121
699 114 741 123 -

110 237 197 310 δείξει
230 255 262 298 σε
289 241 329 322 τῷ
357 231 489 320 δακτύλῳ
519 227 617 311 ὀὗτος
639 234 762 312 ἐκεῖνος’
785 237 887 319 λέγων.
932 243 1127 321 vituperatur

107 355 181 398 vero
200 336 374 398 Arcesilaus
399 356 460 397 non
479 337 561 414 quod
580 338 694 413 populo
713 337 831 413 placuit
849 337 902 397 sed
921 339 1002 414 quod
1020 359 1127 400 auram

107 435 288 512 popularem
311 435 459 512 captavit3
483 452 551 493 cum
573 434 670 512 igitur
688 433 824 493 studium
843 438 874 494 et
891 434 1014 496 habitus
1033 438 1126 516 signi-

109 531 252 611 ficentur,
290 552 351 593 non
383 533 511 609 simplex
542 530 636 609 actio,
673 525 865 610 ὀχλοάρεσκος
896 533 1127 609 praeferendum
1190 550 1194 558 ·

109 628 191 708 duxi,
218 630 299 706 quod
322 631 487 689 formatum
510 632 546 689 ut
569 622 832 707 ἄνθρωπόρεσκος,
855 622 1034 704 αύτόρεσκος
1057 632 1126 709 alia,

109 726 146 786 do
166 727 276 804 quibus
291 726 368 787 dixit
381 726 550 786 Lobeckius
564 727 604 785 ad
617 726 778 805 Phrynich.
792 748 821 803 p.
838 729 899 786 621
917 719 1127 808 (όχλοαρέσκης

109 823 174 884 sine
205 826 341 901 exemplo
369 828 416 884 est
442 824 475 882 in
501 825 548 883 his
576 816 775 905 compositis).
826 823 958 884 indidem
987 825 1126 903 efficitur,

107 921 202 983 verba
225 914 274 983 ὅθ.
297 915 356 1001 όχλ.
381 921 419 982 ad
445 922 658 999 praecedentia
684 922 842 982 referenda
865 941 929 983 esse
954 915 1000 1004 (in
1023 940 1126 1000 proec-

109 1018 176 1078 dosi
203 1019 312 1079 rettuli
334 1018 373 1078 ad
395 1011 569 1101 πλατύνεαι)
598 1024 629 1079 et
651 1012 814 1081 ὁθούνεκεν
839 1039 962 1081 causam
984 1020 1126 1082 indicare.

110 1147 153 1156 -
178 1115 308 1194 denique
334 1115 363 1176 τί
383 1109 541 1175 πλατύνεαι
563 1121 678 1179 vertas:
707 1111 793 1195 ‘quid
815 1121 846 1178 te
869 1113 997 1179 iactas?
1020 1137 1126 1180 verna·
1219 1154 1227 1169 ·

109 1213 180 1273 cula
201 1213 309 1292 lingua
328 1212 419 1290 plane
439 1213 579 1273 similiter
596 1217 751 1292 loquimur
769 1210 842 1276 ‘was
860 1218 979 1277 machst
997 1217 1039 1277 du
1058 1216 1127 1275 dich

108 1305 221 1370 broit?
245 1315 292 1371 est
315 1329 386 1370 sane
409 1311 484 1370 haec
506 1315 619 1373 novata
642 1311 838 1390 significatio,
862 1315 915 1373 sed
937 1313 1067 1373 recurrit
1089 1313 1125 1370 fr.

109 1407 196 1468 XXV
214 1408 246 1466 in
264 1401 439 1485 πλατυσμός.
476 1428 493 1467 e
512 1413 617 1468 contra
639 1408 721 1486 quod
743 1409 843 1470 voluit
865 1411 961 1470 inesse
980 1410 1125 1469 Wilamo·

108 1505 229 1565 witzius
252 1525 281 1581 p.
303 1507 343 1565 76
369 1498 526 1566 ‘Weshalb
550 1505 662 1567 bleibst
684 1506 726 1564 du
748 1501 956 1566 Platonikcrl'
980 1508 1036 1566 hoc
1059 1508 1125 1567 loco

108 1604 200 1680 plane
224 1622 285 1662 non
309 1603 454 1682 quadrat,
482 1603 527 1664 ita
553 1608 590 1665 ut
617 1623 654 1662 ne
681 1622 736 1680 per
763 1603 980 1681 amphiboliam
1004 1604 1126 1682 quidem

109 1700 188 1759 hanc
211 1699 367 1762 notionem
390 1699 513 1761 subesse
536 1700 722 1760 crediderim.

544 2063 691 2124 XVIIII‘.

178 2186 350 2247 Laertius
368 2187 471 2268 Diog.
490 2189 534 2248 IX
552 2191 614 2249 115
640 2181 720 2266 ὅμως
742 2181 967 2264 καθαπτόμενος
985 2180 1123 2271 (Timon)

106 2275 296 2361 Ἀρκεσιλάου
313 2281 346 2344 ἐν
359 2289 419 2358 τοῖς
433 2285 570 2358 σίλλοις
584 2280 726 2366 ἐπῄνεσεν
740 2276 831 2344 αὐτὸν
844 2286 883 2366 τῷ
898 2281 1124 2366 ἐπιγραφομένῳ

106 2372 296 2459 Ἀρκεσιλάου
319 2382 508 2467 περιδείπνῳ.

589 2667 645 2726 XX

155 2777 246 2867 όφρα
269 2778 459 2848 πευεστόων
483 2779 630 2868 σύναγεν
653 2785 767 2871 νέφος,
792 2789 827 2852 οἳ
846 2785 922 2872 περὶ
944 2783 1080 2852 πόντων

153 2884 363 2973 πτωχότατοί
381 2883 411 2952 τ’
437 2877 525 2973 ἦσαν
546 2889 602 2956 καὶ
625 2890 829 2976 κουφότατοι
851 2889 967 2978 βροτοὶ

696 2994 842 3082 ἀνδρῶν.

393 3179 514 3222 uoniam
536 3178 702 3222 oaroarve
725 3177 842 3223 vaasvs

106 3277 138 3331 in
157 3295 182 3332 v.
204 3285 231 3332 1:
251 3278 279 3333 B
297 3283 349 3334 831
369 3278 406 3336 al.
425 3277 625 3348 anatocismo
643 3276 755 3345 (eadem
773 3292 870 3331 versus
889 3277 964 3344 sede)

177 3462 261 3505 ruer.
285 3446 457 3507 Laertius
475 3444 577 3523 Diog.
591 3442 652 3502 VH
668 3445 708 3503 16
726 3432 804 3523 ἦσαν
821 3440 888 3522 περὶ
906 3437 997 3506 αὐτὸν
1016 3435 1123 3525 (Zeno-
