2466 3832
489 121 709 186 „33-

90 284 253 345 satirarum
277 306 312 346 ex
330 285 466 363 Diogene
486 276 545 364 (VI
563 275 642 365 101)
665 283 752 343 tituli
769 287 922 363 Διαθῆκαι
941 290 973 347 et
991 283 1108 347 Νέκυια

89 383 155 441 noti
179 375 231 463 (de
253 383 311 441 hae
333 382 402 443 vide
425 399 517 457 supra
539 401 569 456 p.
589 382 632 440 40
647 399 689 456 sq.
714 384 745 439 et
769 374 835 463 81).

159 479 246 549 Quod
269 499 340 539 vero
360 472 493 557 δράματα
516 478 597 553 apud
617 476 743 536 Snidam
764 482 795 537 et
812 479 981 538 Eudociam
999 502 1026 541 v.
1041 478 1107 541 Μέ-

91 595 200 647 νιππος
213 569 342 653 κωμικός
356 577 589 636 commemorata
603 574 641 633 ad
650 574 828 651 Menippum
842 576 981 652 cynicum
994 578 1105 637 referre

89 673 189 733 voluit
202 664 414 754 Meinekius1),
433 673 464 730 in
484 691 518 731 eo
537 690 598 730 non
613 672 714 731 minus
732 672 829 732 falsus
848 675 895 731 est
913 691 1006 750 quam
1025 675 1106 750 qnod

90 769 186 829 eidem
213 770 349 829 fabulam
378 771 530 848 quandam
558 769 723 845 adespoton
750 769 820 842 Δίες
849 771 1027 846 inscriptam
1055 771 1106 830 ad-

90 867 223 945 signavit
244 869 396 929 refutatus
420 869 534 945 optimo
558 867 624 926 iure
648 868 786 927 aRiesio
811 860 854 949 (p.
872 870 912 928 10
932 866 999 926 adn.
1017 858 1060 947 1).

156 964 298 1025 Oetenrm
333 966 460 1025 fuerunt
496 965 550 1042 qui
581 964 714 1042 maligne
748 984 850 1025 omnes
883 965 993 1025 satiras
1016 982 1105 1042 ‘quae

88 1063 223 1139 Menippi
245 1082 354 1121 nomen
376 1082 449 1140 pree
474 1080 504 1121 se
527 1062 641 1121 ferrent
664 1063 702 1121 ab
726 1082 760 1122 eo
784 1063 958 1123 abiudieere
982 1065 1105 1140 vellent,

89 1177 157 1217 cum
179 1159 394 1220 contenderent
416 1159 601 1236 conscriptas
626 1178 675 1218 eas
699 1179 763 1221 esse
782 1180 800 1219 a
819 1161 937 1220 duobus
955 1159 1104 1237 Colopho·

88 1256 145 1315 niis
165 1257 283 1334 Zopyro
307 1261 339 1317 et
356 1248 549 1338 Dionys102),
574 1277 704 1336 quorum
726 1259 814 1318 illum
836 1259 987 1317 rhetorem
1010 1259 1104 1318 notis-

88 1353 205 1431 simum,
219 1355 414 1431 Menippique
429 1359 460 1414 et
470 1355 604 1415 Timonis
619 1357 776 1431 aequalem
790 1346 903 1434 (quode
919 1372 1010 1429 supra
1023 1374 1052 1430 p.
1063 1355 1103 1414 15

88 1442 165 1530 dixi)
189 1469 253 1509 esse
276 1455 357 1509 recte
376 1443 592 1532 Fritzschius3)
616 1452 748 1526 monuit,
771 1451 825 1526 qui
847 1453 950 1508 tamen
970 1450 1105 1510 Timonis

88 1547 267 1624 sillographi
303 1566 412 1606 nomen
444 1548 476 1604 in
508 1546 634 1606 eandem
665 1547 840 1606 memoriam
872 1546 1011 1605 infercire
1044 1566 1104 1606 non

88 1643 201 1703 debuit.
229 1663 326 1721 neque
345 1644 443 1722 magis
462 1643 584 1720 probari
601 1648 731 1720 possunt
748 1645 825 1702 mira
843 1647 1021 1722 commenta,
1037 1645 1103 1721 qui·

87 1741 143 1800 bus
173 1741 253 1800 idem
281 1745 312 1800 et
344 1760 413 1801 cum
444 1745 530 1818 patre
558 1741 640 1801 filius
669 1741 874 1801 demonstrare
903 1742 1004 1801 conati
1032 1743 1105 1801 sunt

87 1856 232 1898 conexum
258 1838 359 1898 nescio
389 1859 480 1917 quem
507 1840 666 1901 arctiorem
694 1839 930 1900 interTimonis
959 1840 1043 1898 sillos
1073 1842 1104 1898 ei

86 1936 254 1996 Lucianum
272 1955 326 2011 per
338 1936 474 2014 Menippi
492 1937 600 1996 satiras
619 1928 850 2018 intercedere⁴):
874 1936 955 2015 quod
973 1938 1102 1996 fortasse

160 2147 184 2213 1)
205 2145 276 2202 Gom.
293 2145 342 2202 Gr.
357 2146 383 2202 V
401 2165 428 2217 p.
446 2152 478 2200 12
498 2150 532 2201 et
545 2149 647 2202 vindic.
663 2147 755 2201 Suae.
770 2165 798 2215 p.
813 2153 865 2202 234
878 2165 933 2216 sq.,
952 2148 998 2201 hio
1015 2148 1103 2203 verbo

87 2221 209 2293 κωμικός
228 2226 349 2293 servato,
369 2225 429 2279 illic
447 2226 557 2279 mutsto
576 2225 606 2278 in
624 2221 741 2286 κυνικός
759 2226 845 2293 (quod
863 2226 947 2295 plane
967 2243 984 2280 a
999 2225 1103 2281 Suidee

88 2319 141 2357 usu
159 2303 312 2372 abhorret).
350 2303 424 2357 idem
445 2303 517 2357 Ocra.
537 2301 586 2357 Gr.
607 2303 620 2355 Ι
637 2322 665 2373 p.
685 2308 739 2357 494
757 2303 909 2366 Μένιππος
932 2304 1053 2359 correxit
1071 2304 1102 2359 in

80 2381 253 2452 Ἕρμιππος,
273 2397 345 2450 quae
365 2382 485 2437 mutatio
502 2396 594 2449 neque
612 2383 706 2452 gravis
722 2384 751 2438 et
764 2383 949 2452 Hermippum
963 2384 1102 2440 comicum

86 2461 239 2531 Κέκροπος
258 2460 403 2531 scripsisse
422 2461 546 2528 constat3
565 2462 614 2516 sed
633 2463 687 2517 hoc
702 2470 819 2532 accepto
833 2462 954 2531 primum
972 2479 1101 2519 necessa·

86 2544 128 2597 rio
148 2541 316 2596 credendum
336 2545 380 2597 esi
396 2541 454 2596 tale
472 2540 605 2596 mendum
623 2539 680 2594 iam
699 2541 729 2594 in
747 2539 883 2610 Hesychii
900 2540 1005 2597 Milesii
1028 2543 1103 2598 libro

86 2637 170 2691 quem
185 2620 286 2675 Suidas
304 2620 451 2690 usurpavit
469 2619 600 2688 haesisse,
619 2619 721 2675 deinde
740 2621 843 2691 obstat,
865 2621 940 2691 quod
954 2622 1101 2694 Hermippi

85 2702 146 2756 vita
164 2717 198 2754 ex
215 2700 354 2768 Hesychio
378 2698 471 2770 petite
490 2698 596 2770 legitur
614 2701 689 2770 apud
708 2699 832 2755 Snidam.
868 2704 996 2772 praestat
1014 2701 1101 2774 igitur

84 2779 157 2834 nihil
176 2781 283 2834 mutare
297 2783 326 2834 et
339 2779 504 2852 Menippum
523 2780 662 2850 quendem
681 2781 820 2836 comicum
838 2781 951 2836 aliunde
970 2783 1101 2853 ignotum

85 2864 208 2916 statuere
231 2859 333 2929 (qualis
352 2863 397 2914 est
413 2855 600 2928 Μενεκράτης
619 2861 694 2929 apud
715 2861 849 2930 Snidam).

156 2943 184 3010 2)
203 2940 234 2994 L.
253 2940 287 2993 D.
303 2938 343 2992 VI
360 2944 411 2995 100
430 2936 501 2994 ἔνιοι
519 2938 552 2994 δὲ
571 2934 606 2993 ποί
626 2942 720 3012 βιβλία
735 2935 822 2995 αὐτοῦ
843 2935 895 2995 οὐκ
915 2935 1004 2996 αὐτοῦ
1024 2938 1100 2997 εἶναι
1198 2910 1214 3003 ,ιΙ

84 3014 155 3074 ἀλλὰ
171 3021 324 3074 Διονυσίου
343 3019 392 3073 καί
412 3016 550 3087 Ζωπύρου
569 3019 625 3072 τῶν
645 3021 851 3088 Κολοφωνίαν,
870 3018 899 3074 οἳ
916 3022 966 3076 τοῦ
985 3022 1099 3087 παίζειν
1203 3014 1214 3085 ³,

85 3097 171 3154 ἕνεκα
193 3099 352 3169 γράφοντες
375 3093 509 3153 ἐδίδοσαν
533 3093 610 3171 αὐτῷ
636 3094 673 3161 ὡς
692 3089 724 3153 εὖ
750 3098 899 3170 δυναμένῳ
924 3097 1097 3155 diudicium

84 3181 212 3249 agnoscis
230 3179 296 3235 libri
312 3178 417 3234 famosi
434 3180 565 3233 naturam
583 3179 618 3232 de
637 3195 693 3246 qua
711 3177 777 3233 dixi.

155 3260 184 3330 3)
203 3260 309 3330 proleg.
328 3258 358 3314 in
375 3257 489 3314 Lucian.
503 3256 530 3309 H
548 3262 564 3310 2
583 3274 611 3326 p.
626 3257 779 3323 XXXVHL
799 3257 847 3326 qui
865 3275 892 3326 p.
910 3256 958 3311 XL
977 3257 1098 3313 coniecii

84 3336 160 3404 apud
173 3337 317 3393 haertinm
331 3337 507 3392 scribendum
522 3351 582 3391 esse
596 3331 667 3391 otro
681 3336 833 3408 (Τίμωνος
845 3335 915 3410 καί)
930 3339 1098 3410 Διονυσίοις

84 3414 118 3469 cf.
137 3417 223 3472 etiam
242 3416 418 3472 Nietzsehius
435 3433 497 3488 prg.
517 3413 602 3471 Besil.
624 3421 693 3470 1870
711 3433 740 3486 p.
759 3421 802 3471 32.
928 3459 932 3469 .

154 3499 182 3568 4)
196 3497 227 3553 F.
238 3496 272 3554 V.
281 3497 452 3554 Fritzschius
466 3495 574 3569 proleg.
588 3515 616 3569 p.
627 3495 746 3552 XXXVI
759 3498 789 3552 et
801 3496 907 3552 Theod.
917 3493 1052 3551 seuseu

915 3581 956 3639 Q*
