2466 3832
515 119 735 185 -39-

116 285 288 364 putaveris,
312 285 374 345 iam
395 284 473 344 nihil
493 284 591 361 possis
614 302 725 362 negare
744 285 874 345 cumeis
893 305 1070 366 congruer03
1094 291 1132 350 cf.

116 387 276 461 praeterea
297 401 403 444 comm.
427 383 466 442 acl
488 382 524 441 fr.
547 382 631 442 XXV
636 406 644 459 ς
666 380 810 456 XXXIII3
831 382 966 443 XXXIV.

186 481 252 541 Iam
279 486 384 541 autem
410 480 531 558 longius
558 477 811 556 progrediendum
834 481 935 540 estin
958 487 1132 560 usurpando

115 577 311 656 Apollonidis
342 578 516 637 testimonio
545 579 637 653 atque
665 575 895 654 explorandum,
928 598 989 656 qua
1015 584 1132 644 ratione

117 676 340 753 dispositum
367 675 461 735 fuerit
487 674 566 734 illud
595 691 714 733 carmen
740 673 923 734 maledicum
949 677 981 735 in
1008 685 1133 741 cunctos

117 773 314 851 philosophos
337 773 474 834 versibus
496 771 626 861 heroicis
646 771 824 847 plerumque
848 790 884 830 ex
906 771 1037 834 Homero
1060 776 1133 835 ridi-

116 872 187 930 cule
211 870 338 931 detortis
361 869 573 946 conscriptum.

186 968 278 1028 Liber
309 968 458 1028 secundus
491 970 521 1027 et
551 967 661 1026 tertius
693 966 847 1027 continent
878 969 1066 1046 colloquium
1098 971 1134 1030 de

118 1065 307 1144 philosophis
321 1065 402 1125 inter
415 1064 571 1124 Timonem
588 1065 689 1141 ipsum
706 1064 944 1143 interrogantem
963 1070 994 1126 et
1011 1085 1134 1144 respon·

120 1163 241 1224 dentem
269 1162 485 1241 Xenophanem
511 1159 732 1237 Colophonium
762 1162 939 1223 institutum
972 1157 1024 1246 (cf.
1054 1166 1134 1227 Sext.

119 1262 218 1339 Emp,
238 1260 346 1335 Pyrrh.
362 1261 427 1335 hyp.
446 1259 462 1318 Ι
482 1261 559 1335 2233
581 1259 618 1318 fr.
639 1251 807 1340 XXXXV);
835 1260 979 1322 differunt
1001 1264 1081 1324 inter
1103 1284 1135 1325 se

118 1377 157 1419 ea
178 1360 301 1417 uotum
318 1374 359 1433 re,
383 1355 465 1433 quod
482 1354 613 1415 secundo
631 1356 754 1432 priores,
777 1357 958 1432 posteriores
981 1378 1135 1421 recensen-

112 1459 175 1515 tur
200 1453 305 1530 tertio,
338 1471 428 1529 quem
454 1451 565 1511 idcirco
594 1452 717 1529 quidam
744 1449 882 1530 ἐπίλογον
908 1455 1134 1532 inscripserunt.

118 1552 252 1629 primum
280 1552 383 1610 autem
409 1548 522 1608 librum
549 1552 654 1608 narrat
676 1549 826 1627 Diogenes
854 1551 1024 1612 exhibuisse
1052 1549 1136 1616 αὖτο-

119 1642 263 1728 διήγητον
276 1644 434 1727 ἑρμηνείαν
447 1649 478 1706 et
491 1645 586 1705 fuisse
599 1639 846 1733 percopioomov,
863 1652 1019 1708 versatum
1033 1656 1136 1711 autem

119 1764 185 1807 esse
213 1764 310 1823 aeque
336 1763 372 1805 ac
395 1748 510 1805 ceteros
538 1743 571 1802 in
597 1744 784 1821 philosophis
812 1745 997 1808 cavillandis.
1043 1753 1136 1828 atque

118 1864 153 1904 re
185 1862 258 1906 vera
289 1844 459 1920 permultae
491 1842 639 1919 reliquiae
672 1841 788 1918 epicam
821 1843 973 1920 quandam
1003 1863 1076 1921 prae
1104 1863 1136 1905 se

120 1943 224 2002 ferunt
252 1940 382 2018 speciem
409 1931 456 2020 (id
483 1940 564 1999 enim
591 1939 650 1998 sibi
675 1940 785 2000 volunt
809 1940 903 2000 verba
925 1935 1138 2020 αὖτοδιήγητος

120 2031 274 2118 ἑρμηνεία)
297 2042 329 2098 et
349 2037 543 2114 potissimum
565 2037 721 2096 hominum
744 2037 877 2101 intenso
897 2039 1138 2115 colloquentium

120 2136 290 2197 certissima
316 2134 463 2212 praebent
490 2135 673 2194 testimonia.
718 2134 802 2194 rides
835 2136 885 2195 vel
916 2134 986 2194 inde
1016 2136 1138 2211 explodi

120 2254 190 2295 eam
213 2253 305 2312 quam
323 2233 444 2310 aperuit
461 2232 588 2292 Paulius
606 2253 635 2308 p.
651 2233 692 2291 25
717 2231 753 2291 de
772 2232 911 2291 sillorum
934 2251 1050 2292 conexu
1074 2234 1138 2310 opi-

120 2333 258 2408 nionem3
289 2330 463 2391 autumavit
490 2331 570 2389 enim
597 2329 649 2388 ille
676 2328 769 2387 fuisse
798 2346 849 2388 eos
878 2330 1000 2407 singula
1022 2331 1054 2391 in
1078 2331 1137 2389 sin-

122 2430 211 2508 gulos
229 2428 425 2505 philosophos
444 2427 578 2487 carmina
595 2426 744 2485 maledica
761 2427 847 2485 nullo
867 2426 947 2486 inter
965 2445 996 2486 se
1015 2426 1138 2487 vinculo

120 2530 269 2603 coartata,
289 2525 493 2602 peculiaribus
511 2525 639 2585 fortasse
659 2522 770 2584 additis
788 2523 889 2584 titulis
908 2523 950 2596 εἰς
963 2516 1139 2600 Σωκράτην,

120 2616 197 2701 πρὸς
215 2615 377 2697 Πλάτωνα,
400 2614 475 2700 πρὸς
496 2616 644 2698 φυσικούς
666 2612 780 2704 (quode
799 2626 889 2683 antea
909 2614 949 2704 [p.
966 2623 1006 2682 29
1023 2620 1091 2681 adn.
1104 2619 1138 2697 3]

120 2712 215 2802 dixi),
238 2711 453 2797 ὁπρόδειπνος
476 2710 528 2801 (cf.
552 2738 658 2780 comm.
683 2722 722 2781 ad
744 2721 780 2778 fr.
804 2712 871 2802 xl).

114 2854 118 2859 -
188 2816 273 2877 Haec
291 2817 388 2894 igitur
406 2817 507 2877 omnia
526 2820 734 2894 contemplans
753 2818 779 2877 si
795 2818 1058 2896 perpensitaveriS‚
1078 2836 1140 2897 qua

122 2915 246 2975 tandem
273 2914 391 2973 ratione
418 2915 538 2990 poetica
565 2916 663 2997 possit
690 2914 782 2992 effici,
814 2919 851 2975 nt
878 2915 1013 2974 homines
1042 2916 1140 2976 diver-

38 3074 42 3081 ,
121 3013 311 3072 sissimorum
337 3014 509 3087 temporum
531 3012 581 3072 vel
604 3012 660 3070 diu
680 3013 730 3072 vel
751 3031 849 3089 nuper
875 3013 996 3072 demum
1026 3013 1141 3072 mortui

122 3110 203 3169 inter
226 3127 257 3169 se
281 3108 488 3184 colloquentes
512 3111 543 3167 et
562 3108 650 3184 quasi
671 3109 810 3168 fabulam
832 3112 956 3186 agentes
980 3109 1140 3169 exhibean-

120 3210 188 3283 tur,
216 3205 378 3283 praecipue
401 3207 438 3263 ut
461 3203 568 3262 Timon
592 3222 661 3263 cum
682 3205 865 3281 Xenophane
888 3207 950 3264 iam
972 3206 1140 3281 permultos

122 3306 194 3363 ante
232 3320 327 3363 annos
365 3301 507 3362 defuncto
544 3301 746 3360 sermocinans
782 3304 987 3378 proponatur,
1024 3301 1141 3360 nullam

123 3401 232 3477 opinor
249 3400 363 3477 poteris
382 3417 442 3460 non
460 3400 583 3458 tantum
600 3398 726 3475 inquam
743 3396 986 3458 verisimiliorem
1007 3398 1059 3458 sed
1073 3400 1141 3460 nul·

114 3496 186 3555 -lam
205 3497 326 3557 omnino
341 3496 434 3555 aliam
446 3494 578 3573 reperire
593 3495 652 3554 nisi
670 3513 745 3571 eam,
764 3497 800 3553 ut
814 3511 936 3555 censeas
954 3499 1036 3556 totos
1056 3496 1141 3556 sillos
