2466 3832
513 169 732 236 „51-

180 337 264 397 Haec
295 337 392 416 igitur
424 335 524 395 omnia
556 334 752 412 singulariter
780 334 967 410 explananda
996 334 1069 394 duxi
1097 335 1129 393 in

112 435 335 494 commentariis
360 451 437 510 quae
461 432 590 510 singulis
616 430 794 508 fragmentis
817 430 971 507 adscripsi.

178 533 224 590 De
252 528 500 590 adnotationibus
528 527 671 587 criticis
701 545 799 603 pauca
827 528 943 587 addam.
989 528 1128 588 Duorum

112 630 303 705 scriptorum,
326 627 408 703 apud
431 644 507 704 quos
530 626 620 704 longe
639 625 770 683 maxima
792 625 1033 702 fragmentorum
1055 644 1126 702 pars

112 729 233 786 servata
257 729 315 802 est,
338 723 489 782 Athenaei
508 727 539 782 et
556 722 672 781 Laertii
690 722 835 799 Diogenis
855 721 974 781 codices
992 723 1128 782 nondum

113 822 151 881 ab
180 823 245 880 ullo
278 821 392 881 editore
423 824 563 880 accurate
596 820 714 879 excussi
746 823 825 879 sunt.
873 818 998 879 Gaudeo
1031 820 1128 897 igitur

113 920 193 998 quod
220 919 401 979 Athenaei
433 918 543 978 codicis
570 917 716 976 Marciani
743 915 773 975 A
800 919 967 994 scripturas
1001 917 1127 995 diligen-

110 1017 227 1078 tissime
255 1017 421 1094 descriptas
449 1015 618 1075 liberaliter
644 1014 719 1073 mihi
747 1014 896 1094 Georgius
918 1015 1029 1075 Kaibel
1058 1034 1128 1092 sup-

110 1115 274 1191 peditavit3
302 1113 451 1191 epitomae
479 1131 551 1174 sone
578 1104 631 1194 (de
654 1131 716 1189 qua
738 1114 775 1173 cf.
798 1117 920 1190 praeter
943 1113 1127 1192 Kaibelium,

112 1214 146 1272 de
168 1211 311 1272 Athenaei
338 1215 457 1286 epitome
474 1211 640 1271 Wissowac
664 1211 699 1269 de
720 1208 864 1271 Athenaei
887 1214 1011 1285 epitoono
1033 1214 1128 1272 obser-

110 1312 238 1368 oote‘oees
260 1309 293 1366 in
311 1300 637 1367 ‘Commentationibus
655 1306 819 1385 philologis
838 1308 870 1365 in
888 1307 1033 1366 honorem
1047 1307 1126 1384 Aug.

110 1403 349 1462 Reiffeischeidii
367 1396 484 1483 editis')
506 1403 642 1462 codicum
660 1421 757 1463 norae
776 1404 954 1462 collationes
972 1404 1047 1461 mihi
1065 1422 1126 1462 non

110 1504 233 1575 praesto
257 1503 352 1558 erant.

178 1595 320 1654 Laertii
347 1614 419 1655 vero
442 1593 618 1671 Diogenis
646 1593 708 1652 iam
730 1593 762 1651 in
785 1595 942 1670 proecdosi
964 1596 1127 1673 largiorem

111 1693 278 1769 scripturae
311 1693 507 1770 discrepantis
537 1690 723 1768 farraginem
755 1690 889 1769 exhibui,
925 1711 1017 1770 quam
1046 1713 1126 1753 nunc

111 1791 227 1850 omissis
251 1794 353 1850 tamen
375 1790 627 1866 interpretatione
650 1789 760 1850 Latina
786 1794 818 1848 et
841 1791 1024 1851 editionibus
1048 1793 1125 1852 anti-

111 1888 178 1964 quis
205 1892 326 1965 praeter
348 1885 568 1947 Frobenianam
595 1887 718 1965 iteravi3
748 1888 801 1947 sed
824 1888 932 1949 addere
956 1890 1017 1948 iam
1039 1891 1127 1967 potui

84 1971 88 1979 ¹
110 1986 274 2062 scripturas
298 1985 600 2064 gravissimorum
622 1986 760 2045 codicum
779 2005 855 2062 quos
873 2006 971 2064 nuper
989 1991 1044 2047 aut
1061 1989 1126 2064 ipse

111 2085 227 2143 excussi
250 2087 305 2142 aut
328 2083 381 2142 alii
403 2099 472 2141 mea
494 2100 586 2142 causa
604 2085 806 2142 contulerunt.
842 2088 1001 2159 praeterea
1019 2087 1126 2160 utpote

109 2180 141 2236 in
164 2183 288 2239 auctore
311 2179 397 2237 ouius
421 2178 589 2238 diorthosin
608 2178 781 2237 etiamnunc
804 2178 968 2237 desiderari
986 2197 1041 2238 suo
1060 2180 1126 2238 iure

109 2276 201 2333 multi
220 2277 341 2352 lugent,
364 2279 401 2332 ut
419 2292 481 2334 nno
500 2276 664 2349 conspectu
682 2273 720 2331 de
739 2274 856 2332 cunctis
876 2275 929 2350 qui
947 2274 1023 2332 mihi
1041 2274 1126 2336 inno·

109 2373 236 2429 tuernnt
263 2369 416 2428 codicibus
444 2368 590 2428 iudicium
617 2368 683 2427 fieri
710 2372 826 2445 posset,
854 2371 950 2429 adieci
974 2375 1126 2449 quotquot

109 2467 184 2525 mihi
203 2466 421 2543 adscripseram
438 2485 494 2543 per
506 2465 608 2525 Italici
624 2465 741 2525 itineris
757 2467 1018 2542 opportunitatem
1032 2469 1125 2528 alio-

109 2584 186 2623 rum
209 2564 355 2624 librorum
378 2564 533 2624 lectiones.

176 2663 212 2720 In
235 2661 394 2721 afferendis
416 2665 519 2721 tamen
543 2662 711 2738 scripturae
737 2661 946 2739 discrepantiis
970 2663 1125 2724 sciendum

110 2763 156 2820 est
184 2778 251 2818 eam
279 2777 370 2836 qnam
397 2779 433 2819 ex
461 2759 638 2836 disciplinae
666 2759 828 2821 severitate
860 2761 946 2821 decet
975 2762 1125 2822 rationem

109 2858 195 2935 sequi
213 2875 261 2916 me
280 2875 340 2916 non
358 2857 494 2934 potuisse
511 2857 572 2917 nisi
588 2859 621 2916 in
636 2860 784 2936 quattuor
798 2858 947 2935 optimis
962 2858 1124 2936 codicibus,

108 2954 246 3014 Parisino
264 2954 362 3031 primo
382 2959 413 3014 et
431 2957 528 3014 altero
547 2947 633 3036 (Pet
647 2947 695 3036 Q),
718 2954 891 3015 Burbonico
911 2956 1123 3034 antiquissimo

108 3042 169 3136 (B)
193 3057 224 3114 et
241 3051 446 3112 Laurentiano
468 3053 565 3129 primo
585 3045 658 3133 (F),
681 3057 840 3129 praeterea
863 3052 895 3111 in
917 3052 1123 3113 Laurentiano

108 3150 200 3210 tertio
224 3141 286 3231 (H)
311 3148 395 3209 etin
417 3147 566 3208 Vaticano
589 3149 693 3208 Vrsini
716 3141 787 3230 (ῘᾸ),
811 3150 941 3226 denique
965 3152 997 3208 in
1019 3151 1123 3208 Mona·

109 3238 288 3328 censi(ll1)
326 3245 425 3306 dicam
447 3244 484 3304 de
509 3245 644 3323 singulis.

173 3346 329 3406 Parisinus
349 3344 482 3405 Graecus
504 3346 588 3404 1759
608 3361 684 3403 saec.
699 3343 770 3402 XIV
794 3343 925 3419 scriptus
945 3333 1001 3424 (P)
1026 3347 1123 3403 scatet

108 3443 357 3522 conectionibus3
375 3443 450 3502 mihi
469 3441 649 3501 amicissime
664 3445 695 3501 et
707 3440 797 3520 longe
812 3440 1038 3500 accuratissime
1053 3461 1122 3502 eum

111 3539 242 3601 excussit
255 3539 514 3618 Gundermsnnus,
533 3559 570 3599 ex
588 3539 675 3599 cuius
693 3538 811 3599 notitiis
830 3537 1046 3615 quaestionem
1053 3536 1128 3595 suh-

944 3633 982 3687 ῃ»
