2466 3832
500 152 720 217 ..44-

106 336 208 380 omnes
237 321 340 377 autem
367 316 487 377 dmisse
510 316 669 375 Platonem
691 309 840 398 ἀγορητήν
862 308 978 394 ἡδνειιῆ
1001 311 1120 390 τέττιξιν

103 408 264 496 ἰσοκροὶγον
288 406 445 496 (fr.V11).
492 413 598 474 deinde
621 415 771 474 Zenonem
798 413 927 474 stoicum
954 418 1060 474 narrat
1087 433 1119 475 se

104 513 215 574 vidisse
248 533 340 572 anum
372 512 568 572 Phoenissam
604 512 729 589 eiusque
765 530 885 572 naseam
899 526 902 532 ’
917 529 978 589 qua
1010 512 1120 572 callide

105 612 206 673 omnia
232 615 354 689 captare
382 609 535 670 studuerit
556 609 671 669 flustra
693 613 837 687 vagatum
860 626 924 668 esse
948 600 999 689 (fr.
1018 601 1118 690 VHI).

103 709 243 787 pergitur
256 708 287 767 in
300 706 549 786 philosophorum
563 707 692 786 agmine,
705 706 759 766 ubi
770 707 913 782 apparuit
930 706 1025 766 etiam
1037 706 1120 766 Ana·

104 806 207 866 xarchi
228 801 398 884 θαρσαλέον
414 846 510 866 .....
529 797 638 864 κύνεον
659 800 746 882 μένος
765 796 815 886 (fr.
829 797 936 886 VIIII)
955 809 988 864 et
1004 806 1119 866 medios

103 905 135 962 in
162 903 320 981 litigantes
343 902 397 980 qui
419 919 451 961 se
472 901 672 962 immiscuerit
687 902 877 980 ¹Protagoras
901 899 1061 980 ἐριζέμεναι
1086 893 1119 964 εὖ

104 994 191 1073 εἰδώς
218 992 273 1081 (fr.
296 991 351 1080 X).
397 999 468 1058 huic
493 998 629 1077 'denique
658 1000 877 1060 enumerationi
903 1000 987 1060 haud
1017 1000 1119 1078 inepte

103 1097 222 1158 tribuas
244 1097 281 1156 fr.
295 1096 347 1174 XI,
361 1096 429 1174 XII,
442 1095 527 1173 XIII,
550 1096 661 1173 quibus
684 1100 956 1157 commemorantur
973 1097 1119 1159 Prodicus

105 1184 293 1274 λοβοὶργνρος
320 1186 506 1273 &polemio
527 1184 588 1273 (fr.
611 1186 684 1275 XI),
715 1193 912 1254 Antisthenes
943 1191 1120 1272 τινντοφυὴς

104 1288 224 1369 φλέδων
252 1283 304 1373 (fr.
326 1283 414 1372 XII),
445 1289 632 1367 Speusippus
660 1285 776 1370 ἀγαθὸς
799 1293 918 1368 σκῶψαι
945 1283 995 1372 (fr.
1018 1284 1118 1373 XIH).

171 1389 246 1450 Post
277 1388 397 1449 finitum
424 1388 504 1448 huno
531 1389 707 1467 catalogum
738 1390 850 1466 repetit
877 1390 984 1450 Timon
1015 1409 1119 1452 omnes

104 1488 159 1547 hos
182 1488 262 1547 inter
284 1505 348 1548 sese
372 1489 560 1546 concertasse
577 1487 707 1547 terribili
725 1486 899 1570 λογομοχλρι,
922 1488 954 1546 in
974 1505 1035 1565 qua
1053 1488 1120 1567 βρο-

103 1577 234 1663 τολοιγὸς
248 1578 333 1660 Ἔρις
357 1601 474 1660 semper
496 1602 547 1644 eos
566 1584 677 1644 aeriter
699 1586 737 1645 ad
759 1585 958 1664 pugnandum
980 1586 1120 1646 instimu-

104 1682 183 1740 laret
211 1673 405 1762 (fr.xl111);
443 1682 606 1760 statimque
635 1677 735 1762 ὀλίγον
762 1675 879 1760 ὑποβάς
910 1673 962 1762 (ut
989 1686 1122 1744 testatur

105 1779 216 1838 diserte
239 1777 331 1837 Olem.
350 1777 435 1837 Alex.
455 1782 557 1839 strom.
571 1778 600 1837 V
613 1800 642 1857 p.
659 1780 721 1840 235
739 1772 837 1861 Sylb.)
860 1780 1021 1859 subiungit
1044 1800 1120 1859 quae

104 1875 198 1934 fuerit
219 1874 354 1933 rixarum
376 1891 476 1934 causa.
522 1876 577 1935 has
600 1895 671 1936 vero
699 1877 825 1936 ridicule
853 1877 992 1938 imitatus
1015 1879 1120 1938 Iliadis

104 1972 227 2032 initium
249 1971 339 2050 fingit
363 1975 482 2032 exertas
505 1992 560 2048 per
578 1966 687 2052 Ἠχοῦς
705 1967 874 2052 σύνδρομον
891 1969 994 2054 ὄχλον,
1018 1995 1038 2035 a
1060 1995 1120 2054 quo

104 2070 268 2147 garrulitas
290 2067 479 2146 philosophis
501 2069 613 2130 iniecta
636 2071 676 2132 sit
700 2063 750 2153 (fr.
769 2064 849 2153 XV).

171 2166 361 2228 Certamen
371 2169 474 2226 autem
486 2167 735 2246 philosophorum
748 2189 780 2230 re
795 2187 868 2230 vera
882 2189 947 2231 esse
961 2163 1120 2234 adumbra-

104 2268 172 2324 tum
202 2284 262 2324 non
294 2264 383 2325 modo
415 2264 527 2324 idcirce
556 2266 694 2326 redditur
725 2267 901 2346 verisimile,
934 2269 1016 2347 quod
1047 2269 1121 2330 haec

103 2362 182 2422 ratio
202 2363 365 2422 admodum
385 2363 446 2422 fuit
464 2367 587 2440 accepta
602 2362 786 2424 Graecorum
808 2367 922 2442 populo
942 2367 995 2444 qui
1012 2367 1121 2426 indea

104 2460 206 2537 pueris
225 2479 343 2536 semper
360 2460 489 2520 maximo
508 2461 656 2538 agonibus
674 2464 850 2541 gauderent,
869 2462 966 2524 veluti
983 2464 1121 2524 adhibita

104 2561 159 2634 est,
181 2561 218 2616 ut
240 2557 301 2616 tria
324 2558 423 2616 solum
441 2557 645 2623 diversissima
668 2561 805 2637 exempla
828 2579 986 2637 apponam,
1008 2560 1041 2618 in
1059 2561 1121 2621 Ηο·

104 2654 180 2712 meri
209 2653 395 2730 Hesiodique
427 2655 603 2733 certamine}
634 2655 666 2714 in
698 2655 911 2733 Aristophanis
942 2657 1053 2734 Bonis,
1089 2657 1122 2716 in

103 2750 216 2809 Iuliani
239 2742 465 2832 Caesaribus²)3
492 2771 547 2812 nec
569 2752 669 2812 minus
692 2757 739 2813 est
761 2754 870 2813 idonea
893 2771 954 2831 qua
976 2753 1122 2832 sugillen-

104 2852 157 2908 tur
178 2846 351 2924 philosophi
374 2847 411 2908 ob
435 2849 647 2911 altercationes
669 2854 833 2927 perpetuas
853 2849 1005 2910 notissimi
1026 2850 1121 2928 inpn‘·

104 2946 222 3021 misque
249 2945 365 3005 usitata
391 2944 423 3003 in
451 2946 536 3022 epica
565 2947 749 3008 Graecorum
775 2948 861 3025 poesi
889 2946 1058 3007 ludibunda
1085 2951 1122 3008 ut

105 3043 136 3100 in
154 3041 497 3122 batrachomyomaehia,
510 3045 659 3106 Matronis
673 3044 793 3127 δείπνῳ,
808 3044 890 3121 aliiS3
909 3044 1122 3105 verumetiam

103 3139 252 3217 reliquiae
279 3139 361 3216 ipsae
389 3160 453 3200 rem
479 3142 524 3202 ita
552 3161 616 3203 sese
643 3141 753 3201 habere
785 3161 845 3201 non
872 3142 1043 3218 loquuntur
1070 3141 1122 3201 sed

105 3239 245 3297 clamant.

177 3383 204 3450 1)
225 3380 317 3436 Simili
341 3379 493 3436 certamine
512 3380 635 3450 pictores
653 3381 728 3435 inter
746 3397 776 3436 se
796 3380 954 3437 conflixisse
973 3380 1074 3435 statuit
1092 3381 1121 3434 in

104 3458 271 3514 Nicomachi
290 3460 383 3530 elegia
401 3458 468 3516 Otto
483 3459 554 3514 Iahn
571 3459 602 3513 in
619 3458 699 3514 relat.
721 3475 775 3515 soc.
792 3458 855 3514 Sax.
874 3460 929 3516 τοι
944 3458 1011 3514 VIII
1027 3461 1121 3530 (1856)

103 3557 131 3608 p.
149 3545 200 3594 291
221 3538 367 3610 ingeniosa
386 3556 452 3596 sane
472 3541 521 3595 sed
539 3555 638 3610 parum
657 3542 735 3596 certa
753 3539 924 3597 coniectura.
