2466 3832
496 189 538 199 -
586 154 649 218 118
696 188 740 199 -
1000 174 1131 218 rruonrs

112 308 325 366 Aldobrandina
340 314 422 375 1594;
441 325 477 365 ex
489 307 560 364 meis
577 307 657 364 libris
675 309 783 364 habent
796 307 850 364 soli
864 307 930 364 BF
943 307 948 381 Ι
963 304 1086 378 νήξομαι
1100 309 1130 363 Β

112 416 177 455 cum
192 398 288 468 Steph.
307 398 337 452 et
349 397 479 453 Aldobm
498 398 596 468 ἵξομαι
607 397 650 466 Ρς
668 399 783 468 νίσομαι
802 399 862 467 (aut
876 397 983 467 ἵξομαι)
998 396 1130 453 Meineke

112 487 149 542 ad
164 487 304 542 Theocrit.
318 485 409 542 XXIV
424 492 457 542 61
472 504 499 555 p.
515 491 566 541 362
581 486 644 542 adn.
664 486 726 556 (sed
742 486 772 540 in
786 484 915 541 Addend.
935 486 972 541 ad
986 484 1064 542 Com.
1081 484 1129 543 Gr.

112 576 168 633 vol.
187 577 214 631 V
231 594 259 646 p.
278 580 312 630 28
332 574 459 631 defendit
476 571 609 646 νήξομαι)
626 576 631 644 Ι
647 571 742 628 ιιολιὸν
762 573 859 644 Steph.

181 733 276 804 couu.
308 737 448 820 Νήξομαι
474 742 629 819 propriam
656 741 748 801 habet
776 741 1039 819 significationem,
1069 761 1131 802 non

112 844 292 903 translatam
305 841 400 918 illam,
411 858 503 918 quam
510 838 679 899 Meinekius
694 838 806 898 collato
817 838 911 898 simili
924 838 1009 899 verbi
1018 841 1127 916 πολυμ-

112 941 172 1020 βᾶν
185 958 245 1000 usu
262 940 359 998 inesse
379 938 479 998 voluit
493 936 574 998 Com.
591 936 640 996 Gr.
654 937 674 994 1.
689 953 711 995 s.
730 944 768 976 '-
784 936 936 996 Diodorus
951 940 997 996 est
1012 935 1130 996 Oronus

113 1038 292 1115 Megaricus²
310 1037 411 1095 valens
424 1037 598 1108 dralealeus,
612 1037 648 1093 ut
662 1033 707 1094 ait
721 1031 781 1093 Oie.
797 1034 833 1092 de
847 1034 912 1094 fato
929 1037 957 1112 6,
974 1037 1024 1111 12,
1043 1033 1131 1092 euius

113 1133 300 1212 λεπτολογλας
323 1136 354 1192 et
371 1124 604 1212 πανουργήματα
626 1135 841 1191 commemorat
862 1131 1032 1191 Numenius
1055 1131 1132 1192 locis

114 1247 206 1307 supra
230 1229 269 1289 ad
291 1230 327 1288 fr.
351 1230 424 1289 XVI
447 1228 562 1290 allatis:
585 1229 653 1288 ideo
676 1228 725 1287 hie
749 1221 863 1300 σκολιός
886 1229 1066 1305 appellatur.

182 1326 324 1388 Ceterum
341 1328 399 1407 frg.
413 1327 486 1387 XVI
499 1330 531 1386 et
543 1325 632 1385 XVII
651 1324 794 1386 videntur
817 1325 856 1385 ad
877 1344 1013 1403 pugnam
1036 1343 1131 1402 quan·

114 1424 184 1484 dam
216 1430 352 1502 spectare
386 1443 478 1503 quam
509 1423 683 1483 Arcesilaus
716 1412 788 1500 erga
821 1423 970 1483 Zenonem
1001 1422 1132 1483 stoicum

114 1522 277 1598 commisit3
302 1540 371 1580 eum
389 1523 445 1583 hoc
464 1522 544 1581 enim
563 1540 650 1580 omne
669 1519 883 1599 gravissimum
904 1523 1055 1579 certamen
1078 1520 1132 1579 ille

113 1618 196 1679 infit:
230 1619 266 1678 ef.
295 1619 423 1679 Numen.
456 1638 503 1696 ap.
531 1618 641 1678 Euseb.
669 1636 771 1696 praep.
800 1636 905 1695 evang.
935 1617 1007 1676 XIV
1031 1619 1064 1696 5,
1090 1620 1131 1677 12

113 1736 143 1793 p.
164 1719 254 1794 72903
278 1713 338 1774 Oia.
362 1716 454 1776 Acad.
478 1717 533 1794 pri.
556 1716 588 1774 H
612 1718 663 1793 24,
684 1718 740 1792 763
764 1715 856 1775 Aead.
876 1719 954 1793 post.
973 1715 989 1773 I
1010 1718 1060 1794 12,
1080 1717 1131 1774 44.

447 2091 449 2096 ’
568 2069 673 2130 XVIII

160 2187 250 2273 †aal
273 2187 353 2254 νέον
376 2185 525 2274 μηλήοής
549 2185 760 2274 ἐπιπλήξεσιν
784 2184 1034 2274 ἐγκαταμιγνύς.

184 2392 270 2434 ruer.
311 2373 484 2433 Laertius
516 2373 617 2450 Diog.
646 2371 691 2430 IV
719 2374 760 2434 33
781 2391 823 2450 sq.
857 2360 897 2450 ἦν
929 2363 1133 2452 (Arcesilaus)

117 2463 387 2549 ἀξιωματικώτατος
407 2467 457 2530 καὶ
476 2467 659 2550 συνηγμένος
676 2465 727 2529 καὶ
745 2467 778 2529 ἐν
796 2471 830 2550 τῇ
849 2471 934 2552 λαλιᾷ
952 2461 1135 2540 διαστατικὸς

116 2568 176 2626 τῶν
204 2561 359 2645 ὀνομάτων
386 2561 545 2644 ἐπικόπτης
573 2559 631 2648 (sie
654 2585 757 2627 omnes
780 2567 851 2626 libri
873 2558 948 2647 mei)
971 2558 1006 2624 θ’
1031 2559 1135 2638 ἱκανὸς

117 2659 168 2722 νιαλ
186 2658 417 2751 παρρησιαστής·
436 2657 483 2724 διό
501 2660 552 2723 καὶ
569 2657 659 2722 πόλιν
677 2656 693 2722 ὁ
711 2663 810 2740 Τίμων
825 2656 931 2724 οὑτωσὶ
947 2659 1015 2741 περὶ
1029 2655 1135 2722 αὐτοῦ·

118 2755 189 2818 «καὶ
206 2790 244 2801 -
261 2753 509 2840 ἕγταταμιμνόςν·
531 2753 606 2819 ὅθεν
628 2755 678 2817 καὶ
701 2753 776 2838 πρὸς
798 2753 849 2819 τὸν
871 2753 1057 2839 θρασύτερον
1075 2762 1133 2818 κτλ.

119 2848 338 2938 (adnectuntur
369 2857 631 2934 vituperationum
663 2857 800 2934 exempla
831 2860 923 2934 plena
954 2857 1073 2917 faeetiis
1104 2859 1135 2915 et

118 2955 192 3014 salte
217 2953 361 3014 adhibitis
383 2959 544 3031 poetarum
566 2947 728 3037 versibus).

190 3087 239 3142 καὶ
256 3086 325 3144 νέον
344 3085 468 3159 μηλήοής
486 3089 592 3160 PQV:
610 3089 659 3144 καλ
677 3085 745 3145 νέον
764 3086 801 3160 μή
820 3085 905 3159 λήσής
924 3090 963 3144 Μ
979 3087 1065 3143 Mare.
1082 3092 1134 3142 393

119 3176 211 3231 Vatis.
231 3183 291 3245 140,
311 3176 360 3232 ιιαλ
378 3176 445 3232 νέον
464 3175 597 3249 μηλήσεις
615 3179 654 3248 Β,
674 3178 724 3233 nal
742 3176 810 3252 νέον
829 3176 867 3249 μή
886 3175 956 3250 λήοῃ
976 3195 1006 3232 σε
1027 3175 1068 3244 F,
1087 3174 1137 3230 καὶ

119 3261 187 3318 νέον
206 3262 244 3336 μή
264 3261 350 3337 λήοῃς
367 3265 402 3320 Η
417 3268 446 3321 et
464 3266 608 3322 Barberin.
623 3273 683 3336 275,
703 3265 752 3323 καὶ
772 3266 839 3322 νέον
858 3264 896 3337 μή
914 3263 1000 3336 λύσῃς
1020 3263 1047 3320 G
1065 3264 1135 3318 Bur·

118 3350 184 3406 bon.
199 3358 251 3408 252
266 3356 296 3408 et
308 3355 334 3422 fl
353 3353 403 3408 καλ
420 3352 488 3410 νέον
507 3349 542 3410 οό
560 3353 647 3428 λήσῃς
661 3355 830 3425 Stephanus,
848 3353 899 3410 ιιαλ
911 3350 981 3410 νόον
1000 3348 1035 3409 οὗ
1050 3349 1137 3424 λήσής

119 3437 155 3493 Ιο.
171 3437 331 3512 Caesubon‚
355 3441 405 3498 καλ
423 3438 492 3500 νόον
511 3438 545 3500 oni
565 3441 660 3515 λήσεις
677 3443 816 3514 Mullsah‚
839 3442 889 3498 παλ
906 3439 976 3498 νόον
997 3438 1137 3514 αἱμυλίοις

122 3525 326 3601 ’ἾὶΙοιοοττίλτ,
345 3531 501 3603 Απτλμοοοο
520 3552 548 3603 p.
569 3539 602 3590 72
622 3533 698 3601 adn.;
722 3535 841 3603 ποίμνια
865 3529 903 3602 μή
926 3528 1012 3604 λύσῃς
1035 3546 1088 3602 ego
1106 3530 1139 3586 in
