2466 3832
533 163 753 237 ...12-

132 329 222 388 rhoni
244 328 368 405 eiusque
386 326 595 404 philosophiae
615 326 738 386 dederet
761 330 792 386 et
815 326 934 386 Elidem
955 329 1153 408 transmigre-

134 429 182 484 ret
201 417 253 505 (cf.
268 427 301 484 L.
316 426 352 483 D.
367 426 386 483 l.
402 416 439 506 s.)
459 443 527 484 curn
547 442 649 500 uxore,
669 442 781 500 exque
797 424 839 483 ibi
854 424 929 484 duos
944 425 1023 486 filios
1038 429 1152 505 genuit.

137 542 268 599 quorum
286 527 362 582 netu
379 523 525 582 maiorem
535 513 560 603 1)
580 520 694 579 Xanthi
712 523 832 581 nomine
850 527 993 584 vocatum
1006 524 1153 599 medicem

136 623 233 679 artem
253 620 390 680 docuisse
408 619 542 680 traditur
560 638 579 676 e.
597 618 720 678 Laertio
741 620 813 678 109.
842 638 878 678 ex
898 640 958 698 quo
977 622 1043 680 loco
1062 625 1152 698 recte,

136 719 257 796 opinor,
288 719 403 795 poteris
433 736 501 777 curn
529 717 669 794 Menegio
698 716 841 794 colligere
871 717 1027 777 Timonem
1054 719 1154 796 ipsum

134 813 282 874 medicem
305 819 402 875 artem
424 814 595 891 professum
619 803 729 895 esse²)‚
760 814 939 889 praesertim
954 833 1031 874 cum
1053 819 1153 892 poste·

11 900 17 909 ’
134 911 229 971 riores
253 913 379 988 sceptici
401 915 563 989 utromque
586 913 695 987 ortem,
720 913 751 968 et
773 909 1022 987 philosophorum
1043 915 1075 970 et
1092 931 1154 970 me-

135 1009 279 1087 dicorum,
302 1010 418 1085 pariter
435 999 629 1089 calluerint³)
653 1011 685 1066 et
703 1026 722 1066 e
737 1005 851 1066 Gelono
870 1007 902 1065 in
919 1007 1154 1082 Substyuratiouc

117 1109 275 1180 'empirica
297 1108 364 1167 loco
383 1107 515 1185 quodem
533 1095 710 1185 corrupto4)
733 1103 933 1180 probabiliter
952 1105 1033 1164 inter
1050 1109 1153 1182 petro·

135 1222 189 1262 nos
209 1207 240 1264 et
258 1196 407 1285 ἀρχηγοὺς
424 1203 610 1274 medicorum
629 1202 842 1278 empiricorum
861 1202 968 1261 Timon
990 1203 1055 1279 ipse
1078 1205 1153 1262 alle-

41 1358 44 1363 .
135 1305 186 1360 tus
216 1303 264 1362 sit.
309 1301 474 1379 Pyrrhonis
491 1319 573 1362 .vero
602 1299 705 1360 extitit
732 1299 899 1374 discipulus
931 1298 1094 1358 fidissimus
1122 1303 1153 1360 et

134 1419 189 1476 per
210 1403 308 1459 totum
332 1398 457 1460 vitem
449 1418 481 1456 m
505 1398 570 1456 eius
589 1396 789 1456 admiratione
806 1389 1054 1478 perseveravit5).
1083 1402 1155 1474 post

135 1499 254 1575 aliquot
271 1502 374 1558 temen
393 1515 487 1556 annos
507 1498 642 1574 egestate
661 1498 784 1554 coactus
809 1499 867 1571 est,
891 1498 928 1554 ut
950 1514 986 1554 ex
1008 1494 1129 1571 urbes
1120 1517 1153 1554 1n

135 1614 197 1671 que
225 1614 326 1654 omnes
349 1593 523 1671 philosophi
545 1586 656 1673 ἀτελείᾳ
678 1574 859 1652 fruebentnr
866 1584 907 1674 6)
936 1592 1093 1651 decederet
1121 1597 1153 1652 et

136 1693 168 1750 in
199 1692 434 1767 Hellespontum
466 1693 497 1749 et
528 1689 744 1765 Propontidem
775 1691 929 1765 profectus
966 1688 1154 1748 Chalcedone

136 1781 319 1864 σοφιστεύων
340 1804 401 1845 non
423 1787 505 1850 fama
527 1788 649 1845 tentum
671 1803 783 1863 magne
805 1786 962 1862 inclaruit,
987 1785 1151 1844 sedetiam

135 1885 249 1943 mulus
273 1901 344 1959 opes
368 1882 427 1941 sibi
449 1883 638 1958 compererit
658 1873 757 1963 (1.1).
775 1874 862 1965 110).
895 1900 954 1959 quo
978 1882 1059 1940 fecto
1083 1899 1158 1947 cum

79 1982 85 1991 '
136 1980 272 2039 Athenas
300 1997 331 2037 se
360 1975 554 2058 contulisset,
586 1979 630 2038 ibi
661 1980 725 2038 fere
751 1981 847 2042 vitem
873 1979 958 2058 degit
985 1986 1081 2054 usque
1114 1978 1152 2037 ed

138 2111 204 2118 ...o-

207 2196 235 2266 1)
207 2195 331 2250 ructu
349 2193 488 2249 minorem
506 2192 597 2247 filium
615 2192 719 2248 umus
737 2191 902 2246 inclaruisse
916 2191 997 2246 clerc
1009 2153 1167 2262 riuus

12 2320 20 2333 .
137 2279 201 2343 109,
231 2275 309 2330 cuius
335 2273 423 2330 verbe
448 2272 489 2328 sic
513 2273 661 2335 scribendo,
683 2272 750 2327 sunt
771 2273 932 2339 παῖδες,
962 2262 1002 2326 ὧν
1024 2268 1076 2327 τὸν
1100 2271 1152 2343 μὲν
1174 2282 1176 2287 ’

24 2405 27 2415 ,
135 2315 326 2427 ποεδβοίτερον
340 2351 462 2416 Ξάνθον
477 2348 593 2408 ἐκάλεσε
609 2355 658 2407 ναί
672 2346 801 2444 ἰατρικήν
821 2345 935 2418 ἐδίδαξε
952 2351 1001 2407 καί
1016 2351 1152 2422 διάδοχον

135 2434 186 2489 τοῦ
206 2435 269 2506 βίον
288 2433 452 2504 κατέλιπεν,
475 2430 543 2488 ὅδὲ
563 2434 672 2502 (Τίμων
692 2433 771 2487 deest
759 2431 818 2487 tin
836 2431 928 2502 libris)
946 2424 1127 2503 δ’λλόγιμος
1108 2452 1154 2501 ην,

136 2509 173 2578 ὡς
191 2514 241 2569 ναί
255 2517 372 2569 Σωτίων
386 2509 418 2569 ἐν
432 2533 471 2586 τῳ
458 2507 630 2583 ἑνδεκάτῳ
645 2514 741 2580 φησίν.
770 2512 845 2580 quod
864 2529 928 2566 cum
949 2513 1025 2568 recte
1043 2511 1153 2567 intelle-

134 2593 222 2648 xisset
239 2591 476 2648 Wilemowitnius
494 2609 522 2660 p.
542 2597 590 2657 99,
615 2591 716 2658 postea
737 2592 776 2660 (p.
795 2592 841 2659 11)
865 2607 883 2644 e
901 2607 931 2646 se
949 2591 1011 2660 ipse
1035 2591 1154 2651 descivit

135 2671 264 2741 relapsus
283 2672 321 2727 ed
339 2673 485 2742 vulgarem
504 2685 640 2738 errorem,
659 2686 694 2724 ex
712 2685 769 2737 quo
786 2686 804 2723 e
821 2669 914 2725 verbis
930 2665 945 2725 ὁ
960 2669 992 2727 δὲ
1009 2667 1163 2743 ἐλλόγιμος·

135 2766 240 2806 novum
258 2749 398 2821 incipiunt
412 2745 598 2817 enuntiatum,
617 2764 672 2816 quo
692 2749 727 2804 de
745 2747 862 2804 'limone
881 2749 943 2821 ipso
963 2752 1082 2810 dicetur.

209 2833 237 2900 2)
257 2831 381 2886 Zellerus
402 2828 516 2899 quidem
534 2825 649 2901 ἐδίδαξε
673 2828 710 2883 ed
732 2827 851 2883 aliorum
869 2829 1068 2901 magistrorum
1087 2831 1153 2885 edu-

136 2910 277 2967 cationem
291 2909 390 2966 referri
405 2927 488 2979 posse
503 2907 623 2965 credidit
642 2909 715 2979 (cic.
726 2908 796 2977 peu.
812 2909 861 2965 Gr.
874 2909 915 2962 IlI
926 2911 956 2963 16
969 2928 995 2981 p.
1006 2915 1058 2964 483
1072 2928 1098 2963 n.
1110 2912 1152 2980 2);

136 2992 185 3046 sed
207 2992 284 3046 recte
308 2990 336 3046 ei
360 2990 485 3046 oblocuti
508 2989 573 3045 sunt
592 2988 749 3058 Bonnetus,
772 2989 805 3044 dc
825 2987 927 3045 θοίνην·
943 2990 1039 3058 cctfiq.
1058 2992 1152 3059 empir.

135 3089 162 3142 p.
184 3077 216 3126 13
237 3073 267 3126 et
284 3071 433 3141 Himellae,
457 3071 563 3126 Uetere.
582 3085 618 3125 νν
637 3067 693 3124 cu.
710 3068 781 3138 phil.
800 3069 878 3126 Scdr.
896 3069 937 3124 ΙΙΙ
954 3087 981 3138 p.
1001 3073 1044 3123 22.

208 3152 235 3220 3)
256 3149 296 3205 cf.
315 3151 409 3206 Ritler
427 3152 457 3206 et
474 3151 581 3206 Preller
598 3152 618 3205 1.
638 3166 658 3203 s.
677 3167 705 3218 p.
720 3152 783 3218 541,
801 3148 886 3220 Heus,
904 3149 937 3203 de
950 3148 1051 3216 philos.
1070 3155 1152 3218 crept.

41 3282 49 3295 ,
136 3236 364 3309 succ.p..84sq
427 3251 430 3258 ·

207 3310 666 3382 4)p.ec‚1ccd.B0nnetl.n

210 3389 297 3460 e.)cf
317 3391 448 3446 Aristocl.
473 3409 517 3462 ep.
536 3388 637 3445 Euseb.
662 3408 689 3459 p.
711 3386 778 3445 ’1616
797 3389 827 3442 ct
846 3392 923 3454 76303
947 3386 977 3442 L
995 3385 1029 3439 D.
1048 3387 1086 3441 IX
1107 3394 1153 3459 693
1176 3450 1181 3458 ⁶

139 3468 217 3524 Suid.
236 3487 262 3525 v.
285 3474 380 3541 Τίμων
399 3475 428 3527 et
447 3472 590 3526 σιλλαίνει

211 3548 523 3619 M)fflLDmm
