2466 3832
496 143 714 208 ..33-

95 309 257 386 dissensio,
293 311 330 368 ut
362 307 576 384 comprobatur
606 305 749 368 Favorini
780 306 944 368 academici
976 307 1111 383 exemplo

97 405 351 484 qui-Pyrrhoneis
371 405 432 465 fnit
448 403 714 483 propensissimae,
738 406 769 463 et
786 403 848 463 iam
865 404 981 464 dudum
998 423 1017 464 a
1034 404 1111 463 mul-

95 503 137 565 tis
161 503 359 581 scriptoribus
379 501 501 563 Graecis
523 505 656 562 tractata
679 504 745 560 erat
768 501 919 579 quaestio,
942 501 1112 578 numquid

96 599 176 660 inter
198 600 389 677 Pyrrhoneos
417 604 449 660 et
475 598 660 659 academicos
687 598 884 676 philosophos
911 592 1111 679 interesses).

98 696 167 757 dein
199 679 426 776 epigrammatis
458 697 520 756 illis
552 695 669 756 duobus
698 688 841 778 (11145)
872 714 950 774 quae
982 695 1055 755 fecit
1081 697 1114 755 in

97 793 257 855 Platonem
288 794 353 871 ipse
380 786 564 875 Diogenes²l
596 792 736 853 laudarit
767 810 839 852 sane
865 792 1037 869 Platonem,
1068 791 1114 851 ita

97 895 201 952 tamen
214 895 252 952 nt
265 910 335 952 cum
348 892 519 951 academica
530 889 724 968 philosophia
737 893 928 967 compararet
940 892 1048 966 utpote
1063 909 1113 967 ge·

97 1007 169 1048 nere
187 992 219 1048 st
238 987 389 1066 dignitate
408 989 566 1065 aequalem
584 986 731 1045 medicam
768 1004 860 1063 quam
876 986 941 1062 ipse
959 986 1113 1062 professus

98 1088 146 1144 est
168 1088 273 1146 artem.
310 1084 441 1162 denique
464 1085 514 1146 vel
531 1083 658 1161 Epicuri
681 1082 805 1160 quidam
823 1101 919 1160 amor,
944 1101 1003 1160 quo
1024 1083 1116 1143 multi

99 1181 305 1244 demonstrare
323 1184 488 1244 voluerimt
505 1182 649 1241 affectum
666 1181 760 1241 finisse
776 1181 952 1259 Diogenem,
970 1181 1116 1258 explicari

98 1283 212 1358 potest,
236 1298 306 1339 cnm
327 1283 409 1341 recte
427 1279 488 1339 iam
506 1279 544 1338 ab
563 1279 632 1338 aliis
651 1279 798 1339 sentitum
816 1279 869 1356 sit,
892 1279 1004 1338 mirum
1022 1298 1114 1356 quen·

99 1376 169 1435 dam
192 1379 371 1437 concentum
393 1377 579 1437 intercedere
609 1375 688 1437 inter
710 1375 878 1451 Epicurum
901 1378 932 1435 et
955 1376 1115 1451 empiricos

175 1537 201 1602 1)
220 1532 262 1589 Of.
280 1537 400 1606 Marses,
424 1538 457 1592 dc
475 1536 619 1591 Favorino
636 1551 664 1603 p.
684 1539 719 1588 54
733 1551 787 1602 sq.;
816 1532 925 1604 Hirael,
948 1534 1055 1590 Ualero.
1074 1535 1114 1589 III

101 1634 128 1686 p.
150 1615 407 1686 131sq.;Natorp‚
426 1616 625 1685 Forscbuopeo
641 1632 670 1684 p.
690 1619 732 1668 ⁷4.

173 1697 200 1764 2)
224 1694 409 1766 Nequaquam
436 1693 512 1751 enim
540 1692 727 1749 demonstrari
753 1692 849 1763 potest
872 1696 938 1749 ants
961 1692 1116 1764 Diogenem

100 1791 220 1843 usquam
239 1777 480 1846 comparationem
497 1773 577 1829 illam
594 1774 670 1829 inter
685 1772 835 1830 Platonem
853 1776 883 1841 et
896 1773 1057 1844 Asclepium
1075 1775 1117 1829 in·

101 1854 232 1911 stitutum
250 1871 324 1923 esse,
347 1855 389 1910 ita
406 1857 439 1910 ut
456 1853 560 1911 iniuria
577 1854 631 1909 hcc
649 1854 795 1908 inventum
815 1871 833 1909 a
849 1853 975 1924 Diogene
994 1855 1116 1910 Zellerus

100 1935 164 1993 bist.
173 1935 245 2004 paiz.
255 1933 282 1989 lI
292 1934 322 1989 1³
335 1953 363 2005 p.
374 1942 425 1992 379
441 1936 531 1991 adut
552 1933 728 1990 abiudicasse
746 1933 884 1989 videatur.
913 1933 1002 1990 multo
1021 1937 1117 1990 tamen

101 2012 193 2084 magis
221 2030 269 2070 ecs
296 2013 399 2070 fefellit
426 2013 537 2085 opinio,
565 2013 613 2082 qui
641 2014 821 2069 crediderunt
846 2030 880 2068 ex
902 2013 1117 2070 Atheniensium

14 2145 17 2150 .
102 2094 306 2165 epigrammate
331 2095 480 2163 sepulcrali
503 2093 579 2163 quod
600 2094 676 2164 apud
696 2092 928 2162 olympiodorum
952 2094 1011 2164 βίος
1031 2091 1117 2148 nida.

103 2189 126 2228 c.
146 2180 162 2230 o
185 2172 291 2245 leffltur
315 2174 385 2229 satis
407 2174 587 2244 impudenter
610 2190 661 2228 sua
683 2174 844 2229 mutuatum
866 2189 927 2227 esse
952 2172 1115 2243 Diogenem.

102 2251 133 2308 in
157 2271 242 2325 quam
270 2253 432 2324 opinionem
454 2253 584 2317 abierunt
607 2269 670 2308 cum
692 2251 869 2307 Nietzschius
886 2251 906 2305 l.
925 2269 946 2306 s.
969 2270 997 2323 p.
1017 2257 1033 2306 5
1056 2255 1118 2308 tum

102 2332 235 2401 Maasius,
245 2335 278 2391 de
288 2335 374 2405 biom.
385 2334 434 2391 Gr.
445 2352 473 2404 p.
481 2339 523 2403 73,
533 2334 580 2389 cui
591 2333 781 2405 adstipulatur
791 2331 877 2386 ctiam
884 2330 1117 2388 Wilamowitzius

104 2410 134 2468 in
152 2415 229 2484 epist.
244 2415 282 2469 ud
297 2414 392 2470 Maus.
406 2433 434 2485 p.
451 2415 580 2470 1oesdn.
596 2420 626 2468 7:
646 2429 680 2467 ex
698 2411 799 2481 quibus
813 2410 934 2466 Maasius
953 2412 1007 2467 hoc
1025 2412 1118 2482 ipsum

103 2490 210 2547 Laertii
232 2492 338 2548 furtum
362 2495 521 2564 exemplum
543 2492 733 2563 insuperabile
756 2491 857 2561 (quod
878 2491 955 2547 vinci
973 2492 1118 2560 nequeat’)

104 2569 190 2639 dixit,
217 2588 272 2640 quo
296 2576 494 2643 comprobetur
510 2573 661 2643 Porphyrii
684 2576 779 2641 (quem
798 2570 990 2641 olympiodori
1011 2573 1119 2626 fontem

105 2648 203 2717 sumit)
222 2652 252 2706 et
263 2648 369 2708 Iaertii
383 2669 550 2708 consensum
568 2669 603 2707 ex
621 2652 749 2708 eiusdem
766 2652 890 2707 auctoris
908 2668 962 2707 usu
980 2652 1119 2722 explican-

104 2730 173 2784 dum
190 2745 260 2785 esse.
297 2730 382 2804 longe
400 2732 472 2788 mihi
490 2733 547 2788 alia
565 2749 643 2788 mens
663 2734 715 2800 est,
734 2748 800 2787 cum
817 2731 901 2788 video
919 2733 949 2786 id
967 2733 1043 2801 quod
1061 2735 1119 2787 tra-

104 2808 147 2862 dit
165 2807 395 2880 olympiodorus,
418 2812 567 2868 Platonem
589 2811 763 2868 sollemniter
786 2813 927 2881 sepultum
945 2813 975 2867 et
991 2811 1042 2867 illo
1062 2810 1119 2881 epi·

104 2892 261 2958 grammate
288 2891 457 2948 honoratum
483 2909 557 2960 esse,
584 2890 751 2962 simpliciter
774 2907 808 2946 ex
831 2890 938 2946 Laertii
960 2891 1119 2947 narratione

104 2968 289 3040 neglegenter
314 2968 443 3041 inspecta
465 2987 526 3027 esse
550 2975 673 3028 enatum.
709 2970 759 3026 ille
783 2971 859 3026 enim
880 2971 1002 3041 primum
1024 2977 1121 3028 narrat

105 3051 160 3118 (41)
179 3049 306 3106 Platonis
330 3050 436 3105 mortui
458 3068 559 3123 corpus
582 3051 736 3108 honorifice
761 3052 866 3106 elatum
889 3066 950 3106 essa
974 3053 1010 3107 ab
1033 3052 1121 3108 Athe-

104 3128 260 3198 niensibus,
279 3126 381 3184 deinde
401 3131 454 3198 (43.
468 3134 514 3199 44)
533 3131 739 3202 epigrammata
756 3129 893 3185 nonnulla
911 3130 971 3186 eius
991 3133 1119 3200 sepulcro

103 3205 241 3277 inscripta
258 3207 354 3276 refert,
381 3207 482 3276 quibus
501 3208 582 3265 addit
599 3212 657 3280 (45)
675 3208 790 3281 propria
813 3210 881 3263 duo:
906 3209 1121 3278 olympiodorus

103 3285 192 3357 igitur
214 3304 272 3343 non
294 3286 493 3343 animadvertit
516 3289 618 3345 ultima
640 3290 691 3345 illa
715 3290 770 3343 duo
793 3286 882 3357 ipsius
904 3287 1038 3358 Diogenis
1061 3305 1122 3345 esse

104 3382 195 3437 neque
214 3367 322 3437 potuit,
340 3366 395 3421 nisi
414 3367 527 3423 aliunde
546 3371 721 3440 compertum
737 3365 851 3434 habuit,
871 3367 1011 3436 exipsius
1029 3369 1122 3425 verbis

103 3443 159 3502 hoc
182 3447 246 3501 loco
269 3445 368 3516 positis
387 3447 503 3518 elicere,
531 3449 602 3505 haec
624 3445 760 3517 Diogenis
784 3444 990 3515 epigrammata
1012 3465 1068 3503 non
1092 3449 1123 3502 in

104 3525 235 3595 sepulcro
252 3524 388 3595 inscripta
406 3526 500 3583 tuisse.
573 3535 578 3540 '

160 3621 269 3672 Oorpnsc.
282 3624 315 3665 11.
967 3619 989 3667 s
