2466 3832
521 151 741 216 ..46-

124 319 339 394 exsequeretur
362 316 539 392 surrexiss03
562 316 655 375 etiam
677 315 713 374 fr.
736 315 832 392 XXX,
861 335 921 393 quo
944 317 1045 376 nescio
1070 318 1140 395 quis

124 415 235 474 acriter
262 414 398 490 increpat
425 411 593 473 Ctesibium
615 411 854 490 Chalcidensem3
883 413 980 473 adicio
1009 414 1141 492 denique

123 513 159 571 fr.
174 512 281 589 XXXI,
305 511 415 588 quibus
434 510 534 573 verbis
554 509 704 588 quendam
722 511 760 569 ab
780 511 952 571 adversario
971 511 1139 572 laceratum

124 627 189 669 esse
213 609 335 670 conicio.

187 707 263 767 Post
292 706 498 767 saevissimam
524 724 660 784 pugnam
682 705 864 783 descriptam
885 706 947 765 iam
970 707 1139 784 Pyrrhon

123 805 261 864 omnibus
289 804 401 882 quibus
430 803 720 888 ceterixphilosophi
742 803 884 863 laborant
905 804 1083 864 libidinibus
1106 809 1140 864 et

121 902 280 962 fraudibus
297 903 440 963 ,invictus
462 901 565 978 prodIt
588 892 638 982 (fr.
661 892 791 981 XXXII)
819 901 962 978 rixasque
984 901 1138 962 terribiles

121 1000 276 1076 componit
307 999 444 1059 oratione
476 997 655 1076 gravissima
682 998 714 1056 in
742 1017 845 1058 omnes
874 999 1069 1075 philosophos
1098 999 1137 1058 ob

121 1097 289 1156 altercandi
310 1096 448 1156 studium
469 1096 608 1156 invectus
632 1086 683 1176 (fr.
696 1096 828 1155 XXXIII
844 1098 876 1156 et
894 1088 1069 1178 XXXHH);
1093 1096 1136 1156 sic

121 1213 224 1254 omnes
243 1194 374 1255 convicti
392 1212 411 1252 a
428 1193 583 1270 Pyrrhone
607 1211 738 1274 quocum
760 1213 849 1254 nemo
872 1198 989 1254 certare
1007 1197 1138 1253 conatur

120 1283 170 1372 (fr.
185 1284 312 1374 XXXV)
327 1291 550 1367 obmutescunt,
568 1289 673 1367 itaque
687 1290 824 1367 Pyrrhon
842 1280 1033 1369 recuperavit
1050 1294 1133 1349 tran-

120 1390 305 1466 quillitatem
328 1390 368 1449 ad
389 1389 478 1448 beate
506 1388 668 1449 vivendum
695 1386 755 1463 ipsi
782 1388 910 1448 maxime
933 1387 1134 1448 necessariam

118 1487 215 1546 visam
238 1478 288 1568 (fr.
311 1478 463 1567 XXXVI).
504 1504 594 1562 quem
622 1503 692 1544 cum
716 1484 823 1545 Timon
848 1486 928 1545 hunc
951 1486 983 1545 in
1009 1485 1136 1544 modum

119 1581 151 1643 ἓν
174 1584 328 1664 νηνεμίῃσι
350 1577 482 1664 γαλήνης
503 1585 674 1643 versantem
696 1583 781 1643 videt
803 1574 854 1663 (fr.
871 1575 1044 1663 XXXVH),
1068 1601 1133 1642 sese

118 1684 157 1743 ad
180 1703 250 1742 eum
273 1681 424 1743 convertit
445 1681 607 1757 insigniter
629 1699 699 1740 eum
720 1681 862 1758 laudans,
893 1681 975 1758 quod
999 1680 1134 1741 omnium

118 1780 322 1855 sophistarum
357 1769 516 1836 fraudibus
550 1777 682 1838 invictus
713 1778 823 1855 spretis
856 1779 899 1838 eis
931 1778 1022 1837 rebus
1054 1796 1134 1855 quae

117 1876 232 1934 nullius
260 1876 321 1934 sint
346 1875 439 1951 pretii
470 1874 604 1934 omnium
631 1893 710 1935 unns
738 1895 809 1936 vere
836 1875 945 1935 beatus
972 1875 1058 1936 vivat
1081 1867 1133 1954 (fr.

110 1965 299 2054 xxm).
335 1973 390 2031 has
414 1970 670 2049 splendidissimas
693 1973 725 2031 in
747 1972 852 2032 laudes
875 1972 982 2032 exiisse
1002 1971 1135 2031 arbitror

115 2072 228 2130 librum
246 2071 414 2148 primum,
432 2069 552 2129 Euboei
565 2071 668 2128 tamen
681 2068 764 2128 Parii
781 2068 888 2145 parodi
907 2069 999 2128 etiam
1018 2068 1132 2128 diserto

114 2169 289 2230 testimonio
327 2159 377 2249 (fr.
405 2159 595 2248 XXXVIIII)
627 2167 725 2244 primo
757 2166 834 2224 libro
868 2166 966 2226 inesse
998 2165 1133 2226 traditur

114 2268 241 2345 mentio,
270 2284 348 2344 quae
376 2265 526 2343 quomodo
554 2265 637 2323 facta
663 2265 704 2324 sit
726 2267 763 2322 ut
785 2264 901 2322 multae
929 2267 1058 2338 possunt
1082 2256 1132 2322 ex-

115 2366 244 2445 cogitari
266 2364 400 2424 rationes
423 2365 468 2424 ita
490 2363 578 2421 nulla
598 2362 730 2438 probari.

180 2465 217 2524 In
231 2463 390 2523 secundo
404 2462 499 2520 libro
515 2457 1067 2537 suspicorprimumXenophanem,
1078 2457 1132 2534 qui

112 2561 363 2638 pbilosophorum
381 2558 539 2618 certamini
556 2576 617 2616 non
634 2557 782 2634 interfuIt,
800 2554 920 2632 prodire
941 2546 991 2636 (fr.
1003 2546 1131 2637 XXXX)

114 2661 145 2716 et
172 2676 191 2715 a
219 2657 344 2715 Timone
373 2654 568 2732 interrogari,
601 2671 655 2712 cur
682 2655 798 2732 proelio
827 2652 1042 2713 committendo
1069 2672 1130 2711 non

112 2753 295 2813 interfuerit.
329 2772 389 2829 quo
412 2753 493 2811 facto
512 2751 688 2829 respondet,
712 2769 777 2811 sese
800 2751 877 2809 nihil
900 2768 1007 2809 curare
1026 2767 1130 2810 omncs

112 2852 187 2911 istos
209 2850 405 2927 philosophos
428 2853 593 2927 nugatores
612 2867 711 2926 neque
731 2849 909 2926 Socraticos,
927 2847 1128 2922 Phaedonem,

110 2949 270 3008 Euclidem
294 2939 344 3029 (fr.
367 2940 523 3029 XXXXI),
546 2965 644 3024 neque
667 2947 864 3006 Academicos
895 2938 946 3028 (fr.
969 2935 1128 3025 XXXXII)

110 3066 209 3125 neque
232 3046 430 3106 Aristotelem
454 3037 504 3127 (fr.
523 3036 710 3126 XXXXIII);
733 3043 792 3104 sibi
815 3044 983 3122 sapientiae
1006 3044 1128 3101 tantum

111 3145 245 3205 studium
279 3144 363 3203 cordi
393 3162 457 3203 esse
485 3161 662 3219 semperque
694 3141 803 3219 fuisse,
835 3160 933 3219 neque
962 3139 1041 3199 enim
1070 3137 1128 3225 sibi

110 3243 179 3304 vivo
198 3242 353 3320 Lydorum
371 3241 559 3300 luxuriosam
577 3241 673 3300 vitam
691 3240 850 3317 placuisse,
870 3239 923 3298 sed
942 3236 1128 3298 Graecorum

110 3341 277 3416 simplicem
299 3340 399 3400 victus
424 3338 674 3399 consuetudinem
693 3329 744 3418 (cf.
766 3338 802 3396 fr.
816 3335 991 3395 XXXXIIII
1014 3334 1127 3393 dIserte

109 3438 240 3497 secundo
250 3438 328 3497 libro
339 3428 552 3517 attributum);
566 3435 662 3495 nihilo
678 3435 772 3494 setius
782 3451 885 3493 veram
895 3432 976 3493 viam
987 3430 1126 3509 quamvis

109 3534 277 3610 sapientiae
300 3534 556 3596 studiosissimum
580 3552 611 3593 se
630 3551 690 3592 non
707 3530 876 3608 repperisse
896 3520 947 3610 (fr.
961 3519 1126 3608 XXXXV).
